2610 4800
559 438 643 515 να
726 410 729 419 ’

172 640 265 719 Scio,
287 618 535 722 quaeri'etiem,
557 651 713 699 naturane
730 634 807 719 plns
823 633 864 697 erl
882 635 1105 722 eloquentiam

131 752 276 825 torserat,
307 769 349 808 uu
367 747 524 807 doctriua.
568 745 666 823 Quod
685 744 725 805 ud
746 746 949 827 propositum
972 747 1106 829 quidem

131 858 213 921 rostri
235 854 344 940 operis
367 854 450 917 nihil
471 854 632 938 pertiuetz
662 855 879 935 nequeenim
900 874 1107 915 consumme-

131 976 169 1027 tur
190 975 301 1027 orator
330 964 393 1026 uisi
424 985 463 1025 ex
499 974 639 1044 utreque
671 961 740 1022 ficri
772 973 897 1047 potest:
930 962 1108 1045 plurimum

131 1083 218 1135 umen
238 1074 362 1135 referre
384 1072 544 1147 arbitror,
566 1092 663 1152 quum
684 1090 754 1131 esse
776 1069 808 1130 in
828 1070 891 1132 boc
912 1070 987 1131 loco
1005 1093 1109 1153 quae·

131 1180 251 1244 itionem
270 1181 416 1273 velimqs.
458 1180 539 1241 Num
559 1178 585 1240 si
609 1176 693 1262 purti
711 1179 858 1239 utrilibet
877 1179 1012 1239 omnino
1032 1180 1110 1241 ulte·

131 1308 181 1349 rum
206 1286 376 1363 detrahas,
408 1296 524 1348 nature
556 1287 655 1348 etium
685 1286 754 1346 sine
786 1284 936 1349 doct-rina
968 1287 1109 1349 multum

131 1394 251 1472 nlebit,
282 1393 435 1456 doctriua
455 1394 632 1456 nullaesse
651 1393 723 1455 sine
742 1403 855 1453 nutura
877 1393 1008 1476 poterit.
1049 1394 1108 1457 sin

131 1523 158 1566 tx
185 1502 256 1587 puri
295 1515 432 1580 coeunt,
475 1502 509 1562 in
541 1500 758 1563 mediocribus
788 1501 922 1583 quidem
959 1502 1111 1586 utrisque

131 1604 216 1695 usius
237 1610 343 1674 adbuc
370 1620 505 1673 unturse
530 1609 660 1671 credam
684 1629 754 1670 esse
777 1621 1000 1709 momentum;
1034 1632 1112 1673 con·

131 1732 289 1783 mmmstos
310 1729 420 1783 nutem
439 1720 513 1803 plus
535 1718 704 1780 doctrinae
725 1717 861 1792 debere,
890 1718 988 1801 qnam
1011 1730 1110 1781 untu-

131 1844 189 1905 tte,
217 1826 354 1911 patebo:
400 1826 488 1889 sicut
513 1836 636 1903 terroe,
672 1826 795 1886 nullum
820 1826 1025 1888 fertilitatem
1051 1827 1111 1887 hu-

131 1930 222 2021 lenti,
246 1934 330 1997 nihil
350 1939 493 2020 optimus
511 1935 653 2019 agricole
671 1935 851 2016 proluerit;
882 1944 1001 1997 eterra
1017 1936 1110 1999 uberi

131 2042 197 2107 stile
217 2044 361 2129 aliquid,
382 2044 488 2129 ‘etiem
511 2043 604 2104 nullo
631 2043 777 2119 colente,
810 2052 983 2118 muscetum
1018 2053 1052 2105 at
1074 2045 1110 2106 iu

131 2146 186 2212 'tolo
207 2151 350 2215 fecundo
370 2151 443 2236 plns
466 2150 594 2243 cultqr,
628 2171 726 2232 quum
753 2149 822 2232 ipsu
843 2170 902 2234 per
924 2169 959 2212 se
978 2152 1109 2213 bonitus

131 2258 196 2337 ull,
226 2258 356 2322 efficiet.
396 2259 460 2336 Et,
490 2258 519 2318 si
543 2258 721 2320 Praxiteles
753 2257 881 2339 siguum
913 2258 1045 2341 aliquod
1071 2280 1112 2323 ex

131 2367 228 2445 potari
243 2367 352 2452 lupide
372 2376 510 2429 conatus
531 2374 616 2428 esset
635 2364 845 2448 exsculpere,
874 2367 1005 2427 Parium
1026 2384 1113 2429 mur-

131 2492 188 2537 uor
201 2474 331 2538 mollem
349 2476 448 2537 rude:
480 2483 513 2535 ut
533 2475 559 2534 si
578 2473 660 2533 illud
679 2472 765 2535 idem
781 2474 898 2536 artifex
913 2475 1111 2557 expulisset,

131 2556 190 2663 plus
203 2574 237 2645 iu
256 2583 405 2645 munibus
424 2583 557 2657 fuisset,
580 2603 677 2664 quem
698 2581 731 2641 in
749 2602 916 2644 marmore.
959 2583 1112 2666 Denique

131 2700 230 2753 ustura
253 2690 388 2754 muteris
408 2689 578 2752 doctrinae
600 2700 664 2752 est:
695 2688 775 2751 hacc
797 2690 908 2773 fingit,
940 2690 996 2749 illu
1017 2691 1114 2775 lingi-

131 2801 181 2859 tur.
230 2798 322 2861 'Nihil
355 2818 406 2860 urs
441 2797 513 2860 sinc
542 2797 693 2859 materia:
726 2798 880 2859 materiae
908 2798 1005 2860 etium
1041 2800 1113 2863 sine

131 2917 186 2969 ute
205 2906 351 2991 pretium
369 2916 439 2981 est3
468 2927 519 2967 ars
541 2927 664 2967 summa
686 2904 821 2966 muteris
847 2906 968 2989 optima
986 2906 1111 2968 melior.

131 3013 170 3086 l0·
188 2994 259 3098 ‘uo
297 3053 300 3057 ·

154 3122 232 3195 ‚lla
253 3121 406 3204 ‚quaestio
433 3132 484 3183 est
500 3119 621 3205 major,
652 3144 691 3183 ex
715 3121 829 3183 mediis
850 3122 994 3197 artibus,
1027 3138 1112 3204 quse

132 3242 223 3311 neque
242 3229 367 3290 laudari
384 3250 444 3310 per
465 3250 520 3304 se,
543 3251 651 3311 neque
670 3230 850 3313 vituperari
870 3240 1029 3314 possunt,
1053 3229 1112 3292 sed

132 3335 213 3398 utiles
237 3346 295 3396 uut
313 3356 427 3410 secus,
458 3337 640 3398 secuudum
665 3360 770 3398 mores
794 3339 976 3415 utentium,
1009 3339 1113 3413 fiunt,

132 3432 321 3505 btbeudu'sit
339 3442 520 3519 rhetorice;
551 3468 590 3505 nn
613 3446 675 3525 sit,
711 3457 749 3508 ut
771 3447 992 3530 compluribus
1014 3447 1114 3507 etium

133 3544 383 3635 pbilosophorum
403 3551 527 3634 placet,
556 3553 672 3614 virtus.
714 3554 875 3636 Equidem
898 3553 999 3631 illud,
1023 3551 1113 3635 quod

135 3646 289 3720 incndite
304 3656 450 3719 'docendi
475 3659 625 3743 plerique
644 3654 861 3722 exercuerunt
882 3672 914 3722 et
937 3670 1112 3739 exercent,

136 3771 180 3824 tut
202 3768 319 3827 nullam
353 3779 468 3843 artem,
503 3788 586 3848 quae
617 3769 761 3850 ἀτεχνία
795 3767 998 3843 nominetur,
1032 3776 1113 3849 puto

137 3866 256 3936 [multos
276 3874 364 3935 enim
383 3873 499 3951 video,
532 3875 602 3935 sine
623 3876 766 3951 ratione,
800 3873 871 3936 sine
890 3874 1016 3953 literis,
1048 3897 1114 3957 qua

138 3975 177 4035 Vel
190 3979 388 4065 impudentia
403 3982 456 4043 vel
473 3983 572 4044 fumes
592 3981 705 4059 duxit,
728 3987 879 4061 ruentes)
894 4009 903 4056 3
927 3994 983 4044 aut
1000 3984 1115 4045 erulam

140 4089 213 4158 ‘lusti
236 4104 357 4164 artem,
387 4110 485 4173 quum
515 4089 740 4172 κακοτεχνίαν
774 4089 925 4155 dIcimus.
976 4092 1056 4153 Num
1081 4101 1114 4154 et

874 4207 913 4267 1⁷
