2610 4800
607 430 693 509 562

153 630 288 691 allectus
313 637 347 691 et
372 646 578 711 componere.
619 628 663 690 Et
685 625 915 715 brevissimum
938 625 1131 710 quidemlioi

127 775 129 779 .
150 747 360 821 praeceptum
379 735 449 796 dari
468 736 601 819 utrique
617 735 701 818 parti
720 745 852 818 potest,
876 743 915 797 ut
932 745 1019 797 totas
1036 758 1131 799 causat

150 845 238 906 vires
262 853 372 904 orator
396 853 471 907 ante
502 843 615 905 oculos
641 852 758 926 ponat:
798 848 852 918 et,
884 866 987 927 quum
1011 844 1125 908 viderit.

151 953 231 1035 quid
252 952 442 1014 invidiosum
450 997 463 1026 ,
483 952 683 1035 favorabile,
713 953 866 1025 invisum,
896 953 1070 1016 miserabile
1090 975 1131 1017 au*

151 1060 195 1122 sit
212 1059 245 1120 in
270 1062 384 1138 rebus,
414 1070 472 1121 aut
485 1059 587 1121 videri
606 1059 729 1142 possit,
761 1081 797 1121 ea
817 1059 925 1138 dicat,
953 1060 1089 1144 quibus,
1113 1067 1131 1122 si

149 1165 249 1252 judex
268 1179 376 1247 esset,
398 1168 468 1251 ipse
488 1168 625 1230 maxime
646 1177 834 1230 moveretur
851 1167 889 1245 *).

588 1389 618 1459 §-
658 1387 712 1452 63.
725 1403 733 1429 ²
782 1413 784 1416 ’

339 1490 395 1580 De
421 1510 668 1578 elocutione
690 1512 880 1589 oratoria
901 1513 956 1592 '’i.

512 1664 619 1735 Cicero
644 1677 786 1753 (Orator),

213 1809 419 1890 Quamquam
437 1807 543 1867 omnis
562 1806 689 1868 locutio
704 1806 807 1867 oratio
827 1815 895 1882 eat,
924 1810 1032 1868 tamen
1048 1805 1127 1867 unius

80 1931 83 1938 ’
150 1918 285 1978 oratoris
328 1913 454 1976 locutio
494 1914 557 1975 hoc
595 1915 728 1998 proprio
766 1896 891 1997 signata
927 1915 1129 1993 nomine-at

150 2023 469 2104 (o.19.§64.)-
510 2024 540 2083 Is
569 2033 618 2085 est
648 2023 826 2104 eloquens,
868 2020 926 2104 qui
954 2033 987 2085 et
1013 2019 1131 2087 humilia

149 2126 335 2206 subtiliter‚‘
368 2139 400 2192 et
413 2128 532 2212 'magna
560 2131 701 2213 graviter
724 2140 757 2192 et
770 2128 951 2196 mediocria
972 2137 1131 2222 temperate

148 2248 258 2323 potest
278 2237 398 2300 dicere.
441 2238 810 2321 (ibid.c.29.§.100.)
840 2273 883 2286 ——
907 2273 950 2290 —
990 2238 1054 2300 Sed
1081 2235 1131 2321 jain

147 2347 252 2415 forma
271 2343 340 2426 ipsa
362 2353 483 2421 restat,
505 2355 538 2407 et
557 2348 720 2408 character
738 2347 814 2425 ille,
838 2347 895 2429 qui
919 2346 1058 2410 dicitur:
1087 2341 1131 2426 qui

151 2452 258 2536 qualis
281 2473 351 2514 csse
368 2452 501 2531 debeat,
534 2475 573 2542 en
594 2454 693 2537 ipsis,
724 2476 807 2536 quae
826 2476 923 2537 supra
942 2455 1032 2519 dicta
1051 2460 1131 2529 suat,

151 2559 292 2643 intelligi
309 2570 425 2644 potest.
466 2563 547 2625 Nam
564 2571 597 2625 et
615 2561 818 2645 singulorum
836 2564 1012 2625 verborum
1032 2572 1064 2624 et
1079 2557 1131 2622 col-

149 2667 333 2730 locatorum
351 2646 474 2731 lumine
492 2669 675 2753 attigimus:
700 2670 819 2752 quibus
836 2669 884 2731 sic
900 2669 1087 2744 abundabit,
1105 2675 1131 2728 ut

149 2777 285 2838 verbum
309 2799 347 2839 ex
371 2799 427 2839 ore
448 2777 596 2856 nullum,
626 2777 693 2843 'nisi
718 2789 773 2840 aut
795 2778 942 2860 elegans,
975 2787 1033 2838 aut
1053 2796 1131 2860 grate

148 2894 260 2946 exeat:
295 2905 334 2946 cx
353 2885 508 2968 omnique
526 2882 643 2969 genere
662 2886 946 2968 frequentissimae
967 2886 1130 2948 translatio·

149 3015 204 3056 nes
224 3002 336 3069 eruat,
359 2991 448 3075 quod
462 3015 518 3056 eae
533 2976 667 3077 propter
682 2995 929 3059 similitudinem
944 2997 1131 3056 transferunt

150 3100 295 3178 animos,
328 3110 359 3162 et
378 3103 549 3179 referuot5
579 3111 768 3188 acmovent
787 3103 873 3183 huc,
905 3113 939 3166 et
960 3103 1060 3164 illuct
1085 3095 1131 3183 qui

114 3239 117 3242 ·
150 3219 258 3279 motus
281 3191 487 3293 cogitationis
506 3211 658 3273 celeriter
676 3211 836 3292 agitatus,
868 3233 925 3295 per
945 3233 980 3273 se
1003 3211 1070 3295 ipse
1086 3209 1131 3270 de·

148 3315 259 3378 lecta't.
309 3313 526 3401 Et'reliqua‘‚
564 3342 603 3402 en
630 3319 846 3383 collocatione
864 3319 1043 3382 verborum
1063 3333 1130 3400 quae

150 3434 347 3517 sumuntur,
376 3428 469 3508 quasi
491 3426 634 3505 lumina,
666 3450 819 3511 magnum
838 3428 979 3490 afferunt
998 3437 1130 3490 ornatum

148 3533 301 3594 orationi.
329 3535 413 3595 Sunt
427 3535 513 3596 enim
529 3535 646 3596 similia
661 3535 738 3609 illis,
760 3536 891 3619 quaein
907 3536 1015 3619 ainplo
1029 3540 1129 3597 ornato

150 3660 285 3743 scenae,
318 3651 374 3702 aut
394 3643 455 3704 sori
477 3643 681 3726 appellantur
699 3645 855 3726 insignia.-
886 3665 951 3705 non
972 3643 1061 3727 quod
1076 3638 1128 3702 sols

148 3760 528 3778 —u——ss

200 3811 225 3885 *)
241 3817 283 3868 De
298 3817 472 3869 meditandae
489 3826 572 3888 atque
590 3817 775 3888 disponendae
793 3816 922 3871 orationis
938 3817 1011 3872 vitiis
1028 3814 1127 3890 praecla-

235 3911 336 3964 rissime
359 3922 451 3965 monet
473 3913 589 3980 Dionys.
613 3912 704 3967 Halia.
729 3911 796 3985 (Ars
821 3913 890 3967 rhet.
915 3928 938 3968 o.
963 3917 1003 3969 io·
1029 3904 1126 3970 vett·

220 4023 254 4074 r
275 4008 465 4076 373-395·E·
483 4006 547 4077 W·)
609 4067 612 4072 .

183 4095 223 4170 **)
241 4098 280 4152 ef.
296 4118 377 4172 supra
393 4099 414 4172 §.
426 4103 469 4170 54.
488 4100 537 4156 ubi
556 4101 591 4159 do
613 4102 770 4157 elocutione
785 4104 906 4176 prosaica
930 4104 1053 4159 universa
1066 4108 1124 4171 pne*

237 4203 348 4267 ceptum
369 4203 417 4251 est.
730 4208 732 4214 ’
