<?xml version="1.0" encoding="UTF-8"?>
<!DOCTYPE html PUBLIC "-//W3C//DTD XHTML 1.0 Transitional//EN"
    "http://www.w3.org/TR/xhtml1/DTD/xhtml1-transitional.dtd">
<html xmlns="http://www.w3.org/1999/xhtml" xml:lang="en" lang="en">
 <head>
  <title>
</title>
<meta http-equiv="Content-Type" content="text/html;charset=utf-8" />
  <meta name='ocr-system' content='tesseract 3.04.00' />
  <meta name='ocr-capabilities' content='ocr_page ocr_carea ocr_par ocr_line ocrx_word'/>
</head>
<body>
  <div class='ocr_page' id='page_1' title='image "./aestheticaliter00hillgoog_0088.png"; bbox 0 0 2610 4800; ppageno 0'>
   <div class='ocr_carea' id='block_1_1' title="bbox 531 424 593 549">
    <p class='ocr_par' dir='ltr' id='par_1_1' title="bbox 531 424 593 549">
     <span class='ocr_line' id='line_1_1' title="bbox 531 424 593 549; baseline 0 0"><span class='ocrx_word' id='word_1_1' title='bbox 531 424 593 549; x_wconf 57' lang='lat'><strong>250</strong></span> 
     </span>
    </p>
   </div>
   <div class='ocr_carea' id='block_1_2' title="bbox 60 627 1061 1036">
    <p class='ocr_par' dir='ltr' id='par_1_2' title="bbox 60 627 1061 1036">
     <span class='ocr_line' id='line_1_2' title="bbox 498 627 618 707; baseline -0.008 -14"><span class='ocrx_word' id='word_1_2' title='bbox 498 627 525 707; x_wconf 76' lang='lat'><strong>§-</strong></span> <span class='ocrx_word' id='word_1_3' title='bbox 568 628 618 693; x_wconf 69' lang='lat'><strong>12.</strong></span> 
     </span>
     <span class='ocr_line' id='line_1_3' title="bbox 60 754 1061 829; baseline -0.002 -14"><span class='ocrx_word' id='word_1_4' title='bbox 60 760 168 815; x_wconf 75' lang='lat' dir='ltr'><strong>Cicero.</strong></span> <span class='ocrx_word' id='word_1_5' title='bbox 204 756 495 827; x_wconf 66' lang='lat' dir='ltr'><strong>[paucissimum.</strong></span> <span class='ocrx_word' id='word_1_6' title='bbox 527 772 600 829; x_wconf 83' lang='lat' dir='ltr'><strong>quse</strong></span> <span class='ocrx_word' id='word_1_7' title='bbox 625 754 812 813; x_wconf 68' lang='lat' dir='ltr'><strong>inclausi·</strong></span> <span class='ocrx_word' id='word_1_8' title='bbox 834 754 911 811; x_wconf 73' lang='lat' dir='ltr'><strong>lusi·</strong></span> <span class='ocrx_word' id='word_1_9' title='bbox 934 755 971 813; x_wconf 80' lang='lat' dir='ltr'><strong>dc</strong></span> <span class='ocrx_word' id='word_1_10' title='bbox 995 760 1061 813; x_wconf 72' lang='lat' dir='ltr'><strong>artis</strong></span> 
     </span>
     <span class='ocr_line' id='line_1_4' title="bbox 126 859 1060 938; baseline -0.006 -22"><span class='ocrx_word' id='word_1_11' title='bbox 126 862 254 938; x_wconf 77' lang='lat' dir='ltr'><strong>(proprie¹</strong></span> <span class='ocrx_word' id='word_1_12' title='bbox 273 859 384 930; x_wconf 75' lang='lat' dir='ltr'><strong>dietae)</strong></span> <span class='ocrx_word' id='word_1_13' title='bbox 407 868 508 915; x_wconf 77' lang='lat' dir='ltr'><strong>nnsurs</strong></span> <span class='ocrx_word' id='word_1_14' title='bbox 525 875 558 914; x_wconf 81' lang='lat' dir='ltr'><strong>se</strong></span> <span class='ocrx_word' id='word_1_15' title='bbox 575 859 775 915; x_wconf 80' lang='lat' dir='ltr'><strong>constitutione</strong></span> <span class='ocrx_word' id='word_1_16' title='bbox 795 859 968 916; x_wconf 61' lang='lat' dir='ltr'><strong>&amp;emmim</strong></span> <span class='ocrx_word' id='word_1_17' title='bbox 1010 861 1060 913; x_wconf 83' lang='lat' dir='ltr'><strong>Di·</strong></span> 
     </span>
     <span class='ocr_line' id='line_1_5' title="bbox 126 964 859 1036; baseline -0.008 -14"><span class='ocrx_word' id='word_1_18' title='bbox 126 969 229 1024; x_wconf 70' lang='lat' dir='ltr'><strong>scincus</strong></span> <span class='ocrx_word' id='word_1_19' title='bbox 247 966 370 1036; x_wconf 84' lang='lat' dir='ltr'><strong>ejusdem</strong></span> <span class='ocrx_word' id='word_1_20' title='bbox 388 964 514 1027; x_wconf 79' lang='lat' dir='ltr'><strong>delinitio</strong></span> <span class='ocrx_word' id='word_1_21' title='bbox 530 965 643 1021; x_wconf 77' lang='lat' dir='ltr'><strong>omnino</strong></span> <span class='ocrx_word' id='word_1_22' title='bbox 659 964 859 1036; x_wconf 68' lang='lat' dir='ltr'><strong>desideretur}</strong></span> 
     </span>
    </p>
   </div>
   <div class='ocr_carea' id='block_1_3' title="bbox 55 1159 1065 1998">
    <p class='ocr_par' dir='ltr' id='par_1_3' title="bbox 55 1159 1065 1998">
     <span class='ocr_line' id='line_1_6' title="bbox 121 1159 1060 1245; baseline -0.006 -18"><span class='ocrx_word' id='word_1_23' title='bbox 121 1167 206 1242; x_wconf 80' lang='lat' dir='ltr'><strong>Ars,</strong></span> <span class='ocrx_word' id='word_1_24' title='bbox 242 1183 317 1227; x_wconf 89' lang='lat' dir='ltr'><strong>enm</strong></span> <span class='ocrx_word' id='word_1_25' title='bbox 335 1185 353 1223; x_wconf 82' lang='lat' dir='ltr'><strong>s</strong></span> <span class='ocrx_word' id='word_1_26' title='bbox 371 1172 488 1227; x_wconf 79' lang='lat' dir='ltr'><strong>natura</strong></span> <span class='ocrx_word' id='word_1_27' title='bbox 503 1162 651 1245; x_wconf 82' lang='lat' dir='ltr'><strong>prolecta</strong></span> <span class='ocrx_word' id='word_1_28' title='bbox 672 1160 734 1236; x_wconf 80' lang='lat' dir='ltr'><strong>sit,</strong></span> <span class='ocrx_word' id='word_1_29' title='bbox 764 1159 829 1223; x_wconf 85' lang='lat' dir='ltr'><strong>nisi</strong></span> <span class='ocrx_word' id='word_1_30' title='bbox 854 1169 970 1223; x_wconf 75' lang='lat' dir='ltr'><strong>ustum</strong></span> <span class='ocrx_word' id='word_1_31' title='bbox 988 1180 1060 1222; x_wconf 85' lang='lat' dir='ltr'><strong>rno-</strong></span> 
     </span>
     <span class='ocr_line' id='line_1_7' title="bbox 58 1267 1060 1351; baseline -0.005 -17"><span class='ocrx_word' id='word_1_32' title='bbox 58 1283 135 1334; x_wconf 79' lang='lat' dir='ltr'><strong>vent</strong></span> <span class='ocrx_word' id='word_1_33' title='bbox 153 1293 191 1333; x_wconf 85' lang='lat' dir='ltr'><strong>nc</strong></span> <span class='ocrx_word' id='word_1_34' title='bbox 208 1270 367 1347; x_wconf 79' lang='lat' dir='ltr'><strong>delectet,</strong></span> <span class='ocrx_word' id='word_1_35' title='bbox 391 1267 473 1332; x_wconf 84' lang='lat' dir='ltr'><strong>nihil</strong></span> <span class='ocrx_word' id='word_1_36' title='bbox 496 1290 572 1332; x_wconf 85' lang='lat' dir='ltr'><strong>sune</strong></span> <span class='ocrx_word' id='word_1_37' title='bbox 590 1269 694 1351; x_wconf 79' lang='lat' dir='ltr'><strong>egisse</strong></span> <span class='ocrx_word' id='word_1_38' title='bbox 712 1267 853 1332; x_wconf 84' lang='lat' dir='ltr'><strong>videtur.</strong></span> <span class='ocrx_word' id='word_1_39' title='bbox 895 1267 962 1347; x_wconf 82' lang='lat' dir='ltr'><strong>(De</strong></span> <span class='ocrx_word' id='word_1_40' title='bbox 977 1275 1060 1329; x_wconf 62' lang='lat' dir='ltr'><strong>oruc</strong></span> 
     </span>
     <span class='ocr_line' id='line_1_8' title="bbox 59 1376 1059 1460; baseline -0.002 -20"><span class='ocrx_word' id='word_1_41' title='bbox 59 1379 82 1446; x_wconf 92' lang='lat' dir='ltr'><strong>l.</strong></span> <span class='ocrx_word' id='word_1_42' title='bbox 101 1381 155 1441; x_wconf 91' lang='lat' dir='ltr'><strong>Ill.</strong></span> <span class='ocrx_word' id='word_1_43' title='bbox 175 1381 285 1456; x_wconf 81' lang='lat' dir='ltr'><strong>e.51.)</strong></span> <span class='ocrx_word' id='word_1_44' title='bbox 306 1414 348 1426; x_wconf 90' lang='lat'><em>-</em></span> <span class='ocrx_word' id='word_1_45' title='bbox 371 1415 410 1426; x_wconf 95' lang='lat'>-</span> <span class='ocrx_word' id='word_1_46' title='bbox 435 1414 472 1426; x_wconf 89' lang='lat'>-</span> <span class='ocrx_word' id='word_1_47' title='bbox 515 1376 577 1439; x_wconf 78' lang='lat' dir='ltr'><strong>Ars</strong></span> <span class='ocrx_word' id='word_1_48' title='bbox 605 1397 684 1439; x_wconf 83' lang='lat' dir='ltr'><strong>vero</strong></span> <span class='ocrx_word' id='word_1_49' title='bbox 712 1398 798 1460; x_wconf 80' lang='lat' dir='ltr'><strong>quae</strong></span> <span class='ocrx_word' id='word_1_50' title='bbox 825 1384 935 1459; x_wconf 77' lang='lat' dir='ltr'><strong>potest</strong></span> <span class='ocrx_word' id='word_1_51' title='bbox 964 1395 1059 1453; x_wconf 76' lang='lat' dir='ltr'><strong>sess,</strong></span> 
     </span>
     <span class='ocr_line' id='line_1_9' title="bbox 58 1481 1060 1570; baseline -0.004 -21"><span class='ocrx_word' id='word_1_52' title='bbox 58 1489 123 1553; x_wconf 87' lang='lat' dir='ltr'><strong>nisi</strong></span> <span class='ocrx_word' id='word_1_53' title='bbox 140 1509 224 1570; x_wconf 80' lang='lat' dir='ltr'><strong>qnae</strong></span> <span class='ocrx_word' id='word_1_54' title='bbox 240 1507 307 1549; x_wconf 91' lang='lat' dir='ltr'><strong>uon</strong></span> <span class='ocrx_word' id='word_1_55' title='bbox 321 1507 361 1550; x_wconf 85' lang='lat' dir='ltr'><strong>ex</strong></span> <span class='ocrx_word' id='word_1_56' title='bbox 373 1508 439 1547; x_wconf 83' lang='lat' dir='ltr'><strong>una</strong></span> <span class='ocrx_word' id='word_1_57' title='bbox 456 1495 515 1548; x_wconf 78' lang='lat' dir='ltr'><strong>aut</strong></span> <span class='ocrx_word' id='word_1_58' title='bbox 528 1483 675 1563; x_wconf 84' lang='lat' dir='ltr'><strong>duabus,</strong></span> <span class='ocrx_word' id='word_1_59' title='bbox 699 1484 757 1547; x_wconf 92' lang='lat' dir='ltr'><strong>sed</strong></span> <span class='ocrx_word' id='word_1_60' title='bbox 774 1505 814 1547; x_wconf 81' lang='lat' dir='ltr'><strong>ex</strong></span> <span class='ocrx_word' id='word_1_61' title='bbox 828 1482 941 1547; x_wconf 83' lang='lat' dir='ltr'><strong>mullis</strong></span> <span class='ocrx_word' id='word_1_62' title='bbox 956 1481 1060 1546; x_wconf 73' lang='lat' dir='ltr'><strong>enimi</strong></span> 
     </span>
     <span class='ocr_line' id='line_1_10' title="bbox 55 1589 1059 1679; baseline -0.003 -22"><span class='ocrx_word' id='word_1_63' title='bbox 55 1595 324 1679; x_wconf 70' lang='lat' dir='ltr'><strong>perceptionibus</strong></span> <span class='ocrx_word' id='word_1_64' title='bbox 358 1594 512 1658; x_wconf 77' lang='lat' dir='ltr'><strong>eonstntl</strong></span> <span class='ocrx_word' id='word_1_65' title='bbox 554 1596 644 1670; x_wconf 77' lang='lat' dir='ltr'><strong>Ques</strong></span> <span class='ocrx_word' id='word_1_66' title='bbox 675 1591 703 1653; x_wconf 90' lang='lat' dir='ltr'><strong>si</strong></span> <span class='ocrx_word' id='word_1_67' title='bbox 736 1592 959 1670; x_wconf 78' lang='lat' dir='ltr'><strong>subtraxeris,</strong></span> <span class='ocrx_word' id='word_1_68' title='bbox 1000 1589 1059 1676; x_wconf 86' lang='lat' dir='ltr'><strong>qui</strong></span> 
     </span>
     <span class='ocr_line' id='line_1_11' title="bbox 57 1699 1062 1784; baseline -0.003 -21"><span class='ocrx_word' id='word_1_69' title='bbox 57 1703 238 1784; x_wconf 76' lang='lat' dir='ltr'><strong>distingues</strong></span> <span class='ocrx_word' id='word_1_70' title='bbox 265 1702 427 1763; x_wconf 80' lang='lat' dir='ltr'><strong>artificem</strong></span> <span class='ocrx_word' id='word_1_71' title='bbox 457 1699 498 1760; x_wconf 87' lang='lat' dir='ltr'><strong>ub</strong></span> <span class='ocrx_word' id='word_1_72' title='bbox 526 1699 655 1760; x_wconf 74' lang='lat' dir='ltr'><strong>inscio?</strong></span> <span class='ocrx_word' id='word_1_73' title='bbox 706 1699 778 1760; x_wconf 82' lang='lat' dir='ltr'><strong>Nou</strong></span> <span class='ocrx_word' id='word_1_74' title='bbox 809 1699 897 1761; x_wconf 91' lang='lat' dir='ltr'><strong>enim</strong></span> <span class='ocrx_word' id='word_1_75' title='bbox 924 1699 1062 1763; x_wconf 77' lang='lat' dir='ltr'><strong>fortuito</strong></span> 
     </span>
     <span class='ocr_line' id='line_1_12' title="bbox 55 1803 1064 1890; baseline -0.002 -18"><span class='ocrx_word' id='word_1_76' title='bbox 55 1808 148 1873; x_wconf 86' lang='lat' dir='ltr'><strong>hunc</strong></span> <span class='ocrx_word' id='word_1_77' title='bbox 171 1807 333 1871; x_wconf 79' lang='lat' dir='ltr'><strong>artificem</strong></span> <span class='ocrx_word' id='word_1_78' title='bbox 356 1806 502 1871; x_wconf 76' lang='lat' dir='ltr'><strong>dicemus</strong></span> <span class='ocrx_word' id='word_1_79' title='bbox 528 1826 619 1883; x_wconf 88' lang='lat' dir='ltr'><strong>esse,</strong></span> <span class='ocrx_word' id='word_1_80' title='bbox 651 1803 747 1867; x_wconf 88' lang='lat' dir='ltr'><strong>illum</strong></span> <span class='ocrx_word' id='word_1_81' title='bbox 766 1805 978 1890; x_wconf 73' lang='lat' dir='ltr'><strong>negabimus,</strong></span> <span class='ocrx_word' id='word_1_82' title='bbox 1007 1804 1064 1870; x_wconf 76' lang='lat' dir='ltr'><strong>sed</strong></span> 
     </span>
     <span class='ocr_line' id='line_1_13' title="bbox 61 1912 1065 1998; baseline 0.006 -26"><span class='ocrx_word' id='word_1_83' title='bbox 61 1936 165 1995; x_wconf 91' lang='lat' dir='ltr'><strong>quum</strong></span> <span class='ocrx_word' id='word_1_84' title='bbox 190 1913 330 1977; x_wconf 81' lang='lat' dir='ltr'><strong>alterum</strong></span> <span class='ocrx_word' id='word_1_85' title='bbox 353 1924 506 1998; x_wconf 82' lang='lat' dir='ltr'><strong>perceptu</strong></span> <span class='ocrx_word' id='word_1_86' title='bbox 527 1924 561 1977; x_wconf 79' lang='lat' dir='ltr'><strong>et</strong></span> <span class='ocrx_word' id='word_1_87' title='bbox 582 1913 817 1997; x_wconf 73' lang='lat' dir='ltr'><strong>comprehensu</strong></span> <span class='ocrx_word' id='word_1_88' title='bbox 839 1924 953 1979; x_wconf 81' lang='lat' dir='ltr'><strong>tenere</strong></span> <span class='ocrx_word' id='word_1_89' title='bbox 973 1912 1065 1978; x_wconf 80' lang='lat' dir='ltr'><strong>vids·</strong></span> 
     </span>
    </p>
   </div>
   <div class='ocr_carea' id='block_1_4' title="bbox 58 2019 1159 2107">
    <p class='ocr_par' dir='ltr' id='par_1_4' title="bbox 58 2019 1159 2107">
     <span class='ocr_line' id='line_1_14' title="bbox 58 2019 1159 2107; baseline 0.003 -27"><span class='ocrx_word' id='word_1_90' title='bbox 58 2042 131 2081; x_wconf 90' lang='lat' dir='ltr'><strong>mus</strong></span> <span class='ocrx_word' id='word_1_91' title='bbox 140 2066 151 2098; x_wconf 90' lang='lat'><strong>,</strong></span> <span class='ocrx_word' id='word_1_92' title='bbox 173 2022 313 2087; x_wconf 85' lang='lat' dir='ltr'><strong>ulterum</strong></span> <span class='ocrx_word' id='word_1_93' title='bbox 327 2043 395 2084; x_wconf 91' lang='lat' dir='ltr'><strong>non</strong></span> <span class='ocrx_word' id='word_1_94' title='bbox 410 2022 499 2099; x_wconf 71' lang='lat' dir='ltr'><strong>item.</strong></span> <span class='ocrx_word' id='word_1_95' title='bbox 542 2024 721 2105; x_wconf 88' lang='lat' dir='ltr'><strong>Quumque</strong></span> <span class='ocrx_word' id='word_1_96' title='bbox 733 2022 855 2086; x_wconf 71' lang='lat' dir='ltr'><strong>artium</strong></span> <span class='ocrx_word' id='word_1_97' title='bbox 870 2019 961 2084; x_wconf 78' lang='lat' dir='ltr'><strong>uliud</strong></span> <span class='ocrx_word' id='word_1_98' title='bbox 975 2020 1065 2107; x_wconf 79' lang='lat' dir='ltr'><strong>ejus·</strong></span> <span class='ocrx_word' id='word_1_99' title='bbox 1154 2025 1159 2036; x_wconf 94' lang='lat'>&#39;</span> 
     </span>
    </p>
   </div>
   <div class='ocr_carea' id='block_1_5' title="bbox 55 2128 1064 2435">
    <p class='ocr_par' dir='ltr' id='par_1_5' title="bbox 55 2128 1064 2435">
     <span class='ocr_line' id='line_1_15' title="bbox 56 2128 1061 2212; baseline 0.005 -24"><span class='ocrx_word' id='word_1_100' title='bbox 56 2128 146 2189; x_wconf 89' lang='lat' dir='ltr'><strong>modi</strong></span> <span class='ocrx_word' id='word_1_101' title='bbox 172 2151 272 2212; x_wconf 81' lang='lat' dir='ltr'><strong>genus</strong></span> <span class='ocrx_word' id='word_1_102' title='bbox 300 2129 363 2206; x_wconf 82' lang='lat' dir='ltr'><strong>sit,</strong></span> <span class='ocrx_word' id='word_1_103' title='bbox 403 2140 439 2192; x_wconf 81' lang='lat' dir='ltr'><strong>ut</strong></span> <span class='ocrx_word' id='word_1_104' title='bbox 458 2128 683 2194; x_wconf 66' lang='lat' dir='ltr'><strong>tantummodo</strong></span> <span class='ocrx_word' id='word_1_105' title='bbox 706 2131 906 2194; x_wconf 79' lang='lat' dir='ltr'><strong>animarem</strong></span> <span class='ocrx_word' id='word_1_106' title='bbox 927 2137 1061 2205; x_wconf 68' lang='lat' dir='ltr'><strong>cernuis</strong></span> 
     </span>
     <span class='ocr_line' id='line_1_16' title="bbox 56 2237 1064 2327; baseline 0.005 -31"><span class='ocrx_word' id='word_1_107' title='bbox 56 2237 167 2314; x_wconf 86' lang='lat' dir='ltr'><strong>alind,</strong></span> <span class='ocrx_word' id='word_1_108' title='bbox 201 2250 238 2302; x_wconf 82' lang='lat' dir='ltr'><strong>ut</strong></span> <span class='ocrx_word' id='word_1_109' title='bbox 264 2238 418 2300; x_wconf 85' lang='lat' dir='ltr'><strong>moliatur</strong></span> <span class='ocrx_word' id='word_1_110' title='bbox 450 2237 578 2327; x_wconf 77' lang='lat' dir='ltr'><strong>aliquid</strong></span> <span class='ocrx_word' id='word_1_111' title='bbox 607 2249 639 2303; x_wconf 81' lang='lat' dir='ltr'><strong>et</strong></span> <span class='ocrx_word' id='word_1_112' title='bbox 665 2238 786 2316; x_wconf 80' lang='lat' dir='ltr'><strong>faciat,-</strong></span> <span class='ocrx_word' id='word_1_113' title='bbox 816 2237 981 2323; x_wconf 87' lang='lat' dir='ltr'><strong>quomodo</strong></span> <span class='ocrx_word' id='word_1_114' title='bbox 1006 2248 1064 2301; x_wconf 84' lang='lat' dir='ltr'><strong>unt</strong></span> 
     </span>
     <span class='ocr_line' id='line_1_17' title="bbox 55 2347 1064 2435; baseline 0.002 -26"><span class='ocrx_word' id='word_1_115' title='bbox 55 2357 236 2430; x_wconf 81' lang='lat' dir='ltr'><strong>geometres</strong></span> <span class='ocrx_word' id='word_1_116' title='bbox 258 2367 392 2408; x_wconf 90' lang='lat' dir='ltr'><strong>cernere</strong></span> <span class='ocrx_word' id='word_1_117' title='bbox 409 2367 446 2408; x_wconf 82' lang='lat' dir='ltr'><strong>eu</strong></span> <span class='ocrx_word' id='word_1_118' title='bbox 464 2355 593 2431; x_wconf 84' lang='lat' dir='ltr'><strong>potest,</strong></span> <span class='ocrx_word' id='word_1_119' title='bbox 616 2369 700 2435; x_wconf 82' lang='lat' dir='ltr'><strong>quse</strong></span> <span class='ocrx_word' id='word_1_120' title='bbox 719 2355 776 2408; x_wconf 86' lang='lat' dir='ltr'><strong>aut</strong></span> <span class='ocrx_word' id='word_1_121' title='bbox 794 2347 886 2413; x_wconf 84' lang='lat' dir='ltr'><strong>unlla</strong></span> <span class='ocrx_word' id='word_1_122' title='bbox 906 2357 985 2409; x_wconf 82' lang='lat' dir='ltr'><strong>suut</strong></span> <span class='ocrx_word' id='word_1_123' title='bbox 1005 2354 1064 2411; x_wconf 80' lang='lat' dir='ltr'><strong>sut</strong></span> 
     </span>
    </p>
   </div>
   <div class='ocr_carea' id='block_1_6' title="bbox 55 2453 1173 2549">
    <p class='ocr_par' dir='ltr' id='par_1_6' title="bbox 55 2453 1173 2549">
     <span class='ocr_line' id='line_1_18' title="bbox 55 2453 1173 2549; baseline 0 -34"><span class='ocrx_word' id='word_1_124' title='bbox 55 2454 239 2549; x_wconf 85' lang='lat' dir='ltr'><strong>internosci</strong></span> <span class='ocrx_word' id='word_1_125' title='bbox 261 2453 389 2516; x_wconf 70' lang='lat' dir='ltr'><strong>siliilsis</strong></span> <span class='ocrx_word' id='word_1_126' title='bbox 409 2476 475 2521; x_wconf 85' lang='lat' dir='ltr'><strong>non</strong></span> <span class='ocrx_word' id='word_1_127' title='bbox 498 2465 657 2538; x_wconf 82' lang='lat' dir='ltr'><strong>pussunl;</strong></span> <span class='ocrx_word' id='word_1_128' title='bbox 690 2465 748 2517; x_wconf 84' lang='lat' dir='ltr'><strong>nul</strong></span> <span class='ocrx_word' id='word_1_129' title='bbox 775 2456 825 2534; x_wconf 87' lang='lat' dir='ltr'><strong>is,</strong></span> <span class='ocrx_word' id='word_1_130' title='bbox 860 2454 919 2543; x_wconf 89' lang='lat' dir='ltr'><strong>qui</strong></span> <span class='ocrx_word' id='word_1_131' title='bbox 942 2453 1062 2516; x_wconf 80' lang='lat' dir='ltr'><strong>fidibus</strong></span> <span class='ocrx_word' id='word_1_132' title='bbox 1170 2476 1173 2483; x_wconf 93' lang='lat'>·</span> 
     </span>
    </p>
   </div>
   <div class='ocr_carea' id='block_1_7' title="bbox 53 2561 1067 3842">
    <p class='ocr_par' dir='ltr' id='par_1_7' title="bbox 53 2561 1067 3842">
     <span class='ocr_line' id='line_1_19' title="bbox 55 2561 1064 2645; baseline 0.002 -24"><span class='ocrx_word' id='word_1_133' title='bbox 55 2563 184 2639; x_wconf 81' lang='lat' dir='ltr'><strong>ulitur,</strong></span> <span class='ocrx_word' id='word_1_134' title='bbox 219 2562 348 2645; x_wconf 82' lang='lat' dir='ltr'><strong>explere</strong></span> <span class='ocrx_word' id='word_1_135' title='bbox 367 2585 520 2626; x_wconf 86' lang='lat' dir='ltr'><strong>numeros</strong></span> <span class='ocrx_word' id='word_1_136' title='bbox 542 2573 576 2627; x_wconf 88' lang='lat' dir='ltr'><strong>et</strong></span> <span class='ocrx_word' id='word_1_137' title='bbox 600 2565 762 2627; x_wconf 84' lang='lat' dir='ltr'><strong>conficere</strong></span> <span class='ocrx_word' id='word_1_138' title='bbox 784 2563 923 2626; x_wconf 80' lang='lat' dir='ltr'><strong>versus?</strong></span> <span class='ocrx_word' id='word_1_139' title='bbox 966 2561 1064 2643; x_wconf 88' lang='lat' dir='ltr'><strong>Quod</strong></span> 
     </span>
     <span class='ocr_line' id='line_1_20' title="bbox 56 2670 1064 2756; baseline 0.001 -26"><span class='ocrx_word' id='word_1_140' title='bbox 56 2671 143 2741; x_wconf 87' lang='lat' dir='ltr'><strong>idem</strong></span> <span class='ocrx_word' id='word_1_141' title='bbox 165 2670 199 2734; x_wconf 89' lang='lat' dir='ltr'><strong>iu</strong></span> <span class='ocrx_word' id='word_1_142' title='bbox 220 2671 381 2733; x_wconf 83' lang='lat' dir='ltr'><strong>similibus</strong></span> <span class='ocrx_word' id='word_1_143' title='bbox 403 2694 536 2756; x_wconf 85' lang='lat' dir='ltr'><strong>qnoque</strong></span> <span class='ocrx_word' id='word_1_144' title='bbox 555 2672 680 2734; x_wconf 77' lang='lat' dir='ltr'><strong>artibus</strong></span> <span class='ocrx_word' id='word_1_145' title='bbox 701 2673 890 2754; x_wconf 81' lang='lat' dir='ltr'><strong>continget,</strong></span> <span class='ocrx_word' id='word_1_146' title='bbox 922 2692 1064 2754; x_wconf 85' lang='lat' dir='ltr'><strong>quarum</strong></span> 
     </span>
     <span class='ocr_line' id='line_1_21' title="bbox 59 2778 1065 2865; baseline 0.005 -28"><span class='ocrx_word' id='word_1_147' title='bbox 59 2800 153 2845; x_wconf 88' lang='lat' dir='ltr'><strong>omne</strong></span> <span class='ocrx_word' id='word_1_148' title='bbox 174 2800 255 2861; x_wconf 88' lang='lat' dir='ltr'><strong>opus</strong></span> <span class='ocrx_word' id='word_1_149' title='bbox 277 2791 326 2840; x_wconf 91' lang='lat' dir='ltr'><strong>est</strong></span> <span class='ocrx_word' id='word_1_150' title='bbox 343 2780 377 2839; x_wconf 92' lang='lat' dir='ltr'><strong>in</strong></span> <span class='ocrx_word' id='word_1_151' title='bbox 395 2779 547 2841; x_wconf 80' lang='lat' dir='ltr'><strong>faciendo</strong></span> <span class='ocrx_word' id='word_1_152' title='bbox 568 2792 668 2865; x_wconf 82' lang='lat' dir='ltr'><strong>utque</strong></span> <span class='ocrx_word' id='word_1_153' title='bbox 686 2780 822 2863; x_wconf 81' lang='lat' dir='ltr'><strong>agendo.</strong></span> <span class='ocrx_word' id='word_1_154' title='bbox 865 2778 955 2858; x_wconf 85' lang='lat' dir='ltr'><strong>Quid</strong></span> <span class='ocrx_word' id='word_1_155' title='bbox 975 2779 1065 2842; x_wconf 86' lang='lat' dir='ltr'><strong>enim</strong></span> 
     </span>
     <span class='ocr_line' id='line_1_22' title="bbox 58 2886 1065 2971; baseline 0.002 -23"><span class='ocrx_word' id='word_1_156' title='bbox 58 2897 129 2964; x_wconf 84' lang='lat' dir='ltr'><strong>est,</strong></span> <span class='ocrx_word' id='word_1_157' title='bbox 159 2886 436 2970; x_wconf 80' lang='lat' dir='ltr'><strong>qnodurleelliei</strong></span> <span class='ocrx_word' id='word_1_158' title='bbox 455 2888 578 2968; x_wconf 76' lang='lat' dir='ltr'><strong>puscit,</strong></span> <span class='ocrx_word' id='word_1_159' title='bbox 610 2888 674 2949; x_wconf 89' lang='lat' dir='ltr'><strong>nisi</strong></span> <span class='ocrx_word' id='word_1_160' title='bbox 695 2888 742 2964; x_wconf 90' lang='lat' dir='ltr'><strong>is,</strong></span> <span class='ocrx_word' id='word_1_161' title='bbox 776 2887 836 2971; x_wconf 91' lang='lat' dir='ltr'><strong>qui</strong></span> <span class='ocrx_word' id='word_1_162' title='bbox 855 2899 959 2950; x_wconf 83' lang='lat' dir='ltr'><strong>artem</strong></span> <span class='ocrx_word' id='word_1_163' title='bbox 976 2898 1065 2950; x_wconf 82' lang='lat' dir='ltr'><strong>trac-</strong></span> 
     </span>
     <span class='ocr_line' id='line_1_23' title="bbox 54 2993 1065 3078; baseline -0.002 -18"><span class='ocrx_word' id='word_1_164' title='bbox 54 2995 158 3074; x_wconf 82' lang='lat' dir='ltr'><strong>tabit,</strong></span> <span class='ocrx_word' id='word_1_165' title='bbox 182 2994 285 3067; x_wconf 80' lang='lat' dir='ltr'><strong>multu</strong></span> <span class='ocrx_word' id='word_1_166' title='bbox 300 2993 509 3078; x_wconf 70' lang='lat' dir='ltr'><strong>perceperit?</strong></span> <span class='ocrx_word' id='word_1_167' title='bbox 555 2993 675 3071; x_wconf 81' lang='lat' dir='ltr'><strong>(Acnd.</strong></span> <span class='ocrx_word' id='word_1_168' title='bbox 701 3006 827 3078; x_wconf 80' lang='lat' dir='ltr'><strong>quaest.</strong></span> <span class='ocrx_word' id='word_1_169' title='bbox 852 2994 873 3060; x_wconf 83' lang='lat' dir='ltr'><strong>l.</strong></span> <span class='ocrx_word' id='word_1_170' title='bbox 898 2997 938 3056; x_wconf 88' lang='lat' dir='ltr'><strong>ll.</strong></span> <span class='ocrx_word' id='word_1_171' title='bbox 967 3018 995 3058; x_wconf 87' lang='lat' dir='ltr'><strong>c.</strong></span> <span class='ocrx_word' id='word_1_172' title='bbox 1015 2999 1065 3077; x_wconf 87' lang='lat'><strong>7.)</strong></span> 
     </span>
     <span class='ocr_line' id='line_1_24' title="bbox 57 3100 1066 3184; baseline -0.005 -19"><span class='ocrx_word' id='word_1_173' title='bbox 57 3140 98 3152; x_wconf 92' lang='lat'>-</span> <span class='ocrx_word' id='word_1_174' title='bbox 140 3105 262 3165; x_wconf 81' lang='lat' dir='ltr'><strong>Natura</strong></span> <span class='ocrx_word' id='word_1_175' title='bbox 281 3103 372 3167; x_wconf 82' lang='lat' dir='ltr'><strong>nullu</strong></span> <span class='ocrx_word' id='word_1_176' title='bbox 392 3113 462 3182; x_wconf 80' lang='lat' dir='ltr'><strong>est,</strong></span> <span class='ocrx_word' id='word_1_177' title='bbox 486 3111 523 3164; x_wconf 89' lang='lat' dir='ltr'><strong>ut</strong></span> <span class='ocrx_word' id='word_1_178' title='bbox 544 3100 624 3163; x_wconf 90' lang='lat' dir='ltr'><strong>mihi</strong></span> <span class='ocrx_word' id='word_1_179' title='bbox 641 3102 787 3181; x_wconf 81' lang='lat' dir='ltr'><strong>videtur,</strong></span> <span class='ocrx_word' id='word_1_180' title='bbox 811 3122 896 3184; x_wconf 81' lang='lat' dir='ltr'><strong>quae</strong></span> <span class='ocrx_word' id='word_1_181' title='bbox 920 3121 986 3160; x_wconf 90' lang='lat' dir='ltr'><strong>non</strong></span> <span class='ocrx_word' id='word_1_182' title='bbox 1005 3100 1066 3160; x_wconf 81' lang='lat' dir='ltr'><strong>ha-</strong></span> 
     </span>
     <span class='ocr_line' id='line_1_25' title="bbox 53 3207 1064 3295; baseline -0.003 -21"><span class='ocrx_word' id='word_1_183' title='bbox 53 3213 133 3274; x_wconf 79' lang='lat' dir='ltr'><strong>beas</strong></span> <span class='ocrx_word' id='word_1_184' title='bbox 151 3212 183 3277; x_wconf 88' lang='lat' dir='ltr'><strong>in</strong></span> <span class='ocrx_word' id='word_1_185' title='bbox 200 3233 259 3272; x_wconf 88' lang='lat' dir='ltr'><strong>suu</strong></span> <span class='ocrx_word' id='word_1_186' title='bbox 276 3234 393 3295; x_wconf 84' lang='lat' dir='ltr'><strong>genere</strong></span> <span class='ocrx_word' id='word_1_187' title='bbox 407 3234 460 3279; x_wconf 84' lang='lat' dir='ltr'><strong>res</strong></span> <span class='ocrx_word' id='word_1_188' title='bbox 480 3211 688 3295; x_wconf 81' lang='lat' dir='ltr'><strong>complures,</strong></span> <span class='ocrx_word' id='word_1_189' title='bbox 714 3208 890 3269; x_wconf 88' lang='lat' dir='ltr'><strong>dissimiles</strong></span> <span class='ocrx_word' id='word_1_190' title='bbox 906 3207 994 3271; x_wconf 81' lang='lat' dir='ltr'><strong>inter</strong></span> <span class='ocrx_word' id='word_1_191' title='bbox 1008 3229 1043 3271; x_wconf 86' lang='lat' dir='ltr'><strong>se</strong></span> <span class='ocrx_word' id='word_1_192' title='bbox 1053 3233 1064 3283; x_wconf 73' lang='lat'>3</span> 
     </span>
     <span class='ocr_line' id='line_1_26' title="bbox 56 3316 1067 3404; baseline -0.005 -24"><span class='ocrx_word' id='word_1_193' title='bbox 56 3342 144 3404; x_wconf 90' lang='lat' dir='ltr'><strong>qnne</strong></span> <span class='ocrx_word' id='word_1_194' title='bbox 165 3330 273 3386; x_wconf 84' lang='lat' dir='ltr'><strong>tamen</strong></span> <span class='ocrx_word' id='word_1_195' title='bbox 291 3321 456 3382; x_wconf 88' lang='lat' dir='ltr'><strong>consimili</strong></span> <span class='ocrx_word' id='word_1_196' title='bbox 477 3319 575 3381; x_wconf 86' lang='lat' dir='ltr'><strong>laude</strong></span> <span class='ocrx_word' id='word_1_197' title='bbox 595 3317 783 3402; x_wconf 67' lang='lat' dir='ltr'><strong>dignentur,</strong></span> <span class='ocrx_word' id='word_1_198' title='bbox 825 3317 908 3378; x_wconf 86' lang='lat' dir='ltr'><strong>Nam</strong></span> <span class='ocrx_word' id='word_1_199' title='bbox 927 3324 961 3378; x_wconf 88' lang='lat' dir='ltr'><strong>et</strong></span> <span class='ocrx_word' id='word_1_200' title='bbox 975 3316 1067 3376; x_wconf 83' lang='lat' dir='ltr'><strong>suri·</strong></span> 
     </span>
     <span class='ocr_line' id='line_1_27' title="bbox 54 3422 1067 3511; baseline -0.007 -18"><span class='ocrx_word' id='word_1_201' title='bbox 54 3430 120 3493; x_wconf 89' lang='lat' dir='ltr'><strong>bns</strong></span> <span class='ocrx_word' id='word_1_202' title='bbox 143 3427 246 3489; x_wconf 87' lang='lat' dir='ltr'><strong>multa</strong></span> <span class='ocrx_word' id='word_1_203' title='bbox 263 3428 483 3511; x_wconf 84' lang='lat' dir='ltr'><strong>percipimus,</strong></span> <span class='ocrx_word' id='word_1_204' title='bbox 505 3448 611 3511; x_wconf 84' lang='lat' dir='ltr'><strong>quae,</strong></span> <span class='ocrx_word' id='word_1_205' title='bbox 634 3425 697 3491; x_wconf 82' lang='lat' dir='ltr'><strong>etsi</strong></span> <span class='ocrx_word' id='word_1_206' title='bbox 717 3446 777 3492; x_wconf 86' lang='lat' dir='ltr'><strong>nos</strong></span> <span class='ocrx_word' id='word_1_207' title='bbox 798 3423 934 3489; x_wconf 83' lang='lat' dir='ltr'><strong>vecibus</strong></span> <span class='ocrx_word' id='word_1_208' title='bbox 954 3422 1067 3486; x_wconf 62' lang='lat' dir='ltr'><strong>deleca</strong></span> 
     </span>
     <span class='ocr_line' id='line_1_28' title="bbox 54 3529 1067 3620; baseline -0.003 -23"><span class='ocrx_word' id='word_1_209' title='bbox 54 3547 155 3614; x_wconf 76' lang='lat' dir='ltr'><strong>tunt,</strong></span> <span class='ocrx_word' id='word_1_210' title='bbox 178 3547 287 3603; x_wconf 82' lang='lat' dir='ltr'><strong>tamen</strong></span> <span class='ocrx_word' id='word_1_211' title='bbox 307 3536 351 3601; x_wconf 82' lang='lat' dir='ltr'><strong>ils</strong></span> <span class='ocrx_word' id='word_1_212' title='bbox 370 3546 447 3597; x_wconf 87' lang='lat' dir='ltr'><strong>sunt</strong></span> <span class='ocrx_word' id='word_1_213' title='bbox 466 3537 557 3601; x_wconf 82' lang='lat' dir='ltr'><strong>veria</strong></span> <span class='ocrx_word' id='word_1_214' title='bbox 575 3557 692 3620; x_wconf 80' lang='lat' dir='ltr'><strong>saepe,</strong></span> <span class='ocrx_word' id='word_1_215' title='bbox 715 3545 753 3597; x_wconf 84' lang='lat' dir='ltr'><strong>ut</strong></span> <span class='ocrx_word' id='word_1_216' title='bbox 769 3533 822 3612; x_wconf 90' lang='lat' dir='ltr'><strong>id,</strong></span> <span class='ocrx_word' id='word_1_217' title='bbox 846 3533 936 3618; x_wconf 90' lang='lat' dir='ltr'><strong>qnod</strong></span> <span class='ocrx_word' id='word_1_218' title='bbox 956 3529 1067 3615; x_wconf 69' lang='lat' dir='ltr'><strong>proxi·</strong></span> 
     </span>
     <span class='ocr_line' id='line_1_29' title="bbox 57 3638 1065 3726; baseline -0.006 -20"><span class='ocrx_word' id='word_1_219' title='bbox 57 3666 150 3706; x_wconf 88' lang='lat' dir='ltr'><strong>mum</strong></span> <span class='ocrx_word' id='word_1_220' title='bbox 171 3643 305 3719; x_wconf 80' lang='lat' dir='ltr'><strong>audias,</strong></span> <span class='ocrx_word' id='word_1_221' title='bbox 327 3641 603 3726; x_wconf 88' lang='lat' dir='ltr'><strong>jucundissimum</strong></span> <span class='ocrx_word' id='word_1_222' title='bbox 625 3665 695 3706; x_wconf 86' lang='lat' dir='ltr'><strong>esse</strong></span> <span class='ocrx_word' id='word_1_223' title='bbox 715 3643 884 3711; x_wconf 78' lang='lat' dir='ltr'><strong>videntur:</strong></span> <span class='ocrx_word' id='word_1_224' title='bbox 909 3649 942 3702; x_wconf 90' lang='lat' dir='ltr'><strong>et</strong></span> <span class='ocrx_word' id='word_1_225' title='bbox 959 3638 1065 3711; x_wconf 77' lang='lat' dir='ltr'><strong>oeulis</strong></span> 
     </span>
     <span class='ocr_line' id='line_1_30' title="bbox 59 3750 1065 3842; baseline -0.008 -26"><span class='ocrx_word' id='word_1_226' title='bbox 59 3752 265 3833; x_wconf 78' lang='lat' dir='ltr'><strong>colliguntur</strong></span> <span class='ocrx_word' id='word_1_227' title='bbox 281 3774 384 3842; x_wconf 83' lang='lat' dir='ltr'><strong>paene</strong></span> <span class='ocrx_word' id='word_1_228' title='bbox 399 3750 651 3816; x_wconf 85' lang='lat' dir='ltr'><strong>innumerabiles</strong></span> <span class='ocrx_word' id='word_1_229' title='bbox 671 3751 878 3833; x_wconf 80' lang='lat' dir='ltr'><strong>voluptates,</strong></span> <span class='ocrx_word' id='word_1_230' title='bbox 902 3771 987 3832; x_wconf 86' lang='lat' dir='ltr'><strong>quae</strong></span> <span class='ocrx_word' id='word_1_231' title='bbox 1005 3770 1065 3809; x_wconf 93' lang='lat' dir='ltr'><strong>uos</strong></span> 
     </span>
    </p>
   </div>
   <div class='ocr_carea' id='block_1_8' title="bbox 29 3855 1123 4160">
    <p class='ocr_par' dir='ltr' id='par_1_8' title="bbox 29 3855 1123 4160">
     <span class='ocr_line' id='line_1_31' title="bbox 57 3855 1067 3952; baseline -0.001 -32"><span class='ocrx_word' id='word_1_232' title='bbox 57 3864 107 3930; x_wconf 80' lang='lat' dir='ltr'><strong>ita</strong></span> <span class='ocrx_word' id='word_1_233' title='bbox 128 3859 288 3952; x_wconf 83' lang='lat' dir='ltr'><strong>capiunt,</strong></span> <span class='ocrx_word' id='word_1_234' title='bbox 312 3873 348 3926; x_wconf 81' lang='lat' dir='ltr'><strong>ut</strong></span> <span class='ocrx_word' id='word_1_235' title='bbox 367 3883 470 3920; x_wconf 87' lang='lat' dir='ltr'><strong>unum</strong></span> <span class='ocrx_word' id='word_1_236' title='bbox 491 3881 624 3923; x_wconf 88' lang='lat' dir='ltr'><strong>sensum</strong></span> <span class='ocrx_word' id='word_1_237' title='bbox 644 3858 796 3923; x_wconf 88' lang='lat' dir='ltr'><strong>dissimili</strong></span> <span class='ocrx_word' id='word_1_238' title='bbox 817 3879 935 3941; x_wconf 73' lang='lat' dir='ltr'><strong>genere</strong></span> <span class='ocrx_word' id='word_1_239' title='bbox 957 3855 1067 3919; x_wconf 82' lang='lat' dir='ltr'><strong>delec-</strong></span> 
     </span>
     <span class='ocr_line' id='line_1_32' title="bbox 56 3957 1066 4051; baseline -0.01 -17"><span class='ocrx_word' id='word_1_240' title='bbox 56 3979 152 4034; x_wconf 83' lang='lat' dir='ltr'><strong>tent:</strong></span> <span class='ocrx_word' id='word_1_241' title='bbox 178 3977 210 4030; x_wconf 82' lang='lat' dir='ltr'><strong>el</strong></span> <span class='ocrx_word' id='word_1_242' title='bbox 224 3967 371 4051; x_wconf 85' lang='lat' dir='ltr'><strong>reliquos</strong></span> <span class='ocrx_word' id='word_1_243' title='bbox 389 3989 504 4033; x_wconf 85' lang='lat' dir='ltr'><strong>seusus</strong></span> <span class='ocrx_word' id='word_1_244' title='bbox 521 3957 706 4051; x_wconf 80' lang='lat' dir='ltr'><strong>volupt&#39;ates</strong></span> <span class='ocrx_word' id='word_1_245' title='bbox 725 3966 892 4029; x_wconf 80' lang='lat' dir='ltr'><strong>oblectant</strong></span> <span class='ocrx_word' id='word_1_246' title='bbox 908 3965 1066 4050; x_wconf 84' lang='lat' dir='ltr'><strong>dispares,</strong></span> 
     </span>
     <span class='ocr_line' id='line_1_33' title="bbox 29 4071 1123 4160; baseline -0.008 -19"><span class='ocrx_word' id='word_1_247' title='bbox 29 4133 32 4141; x_wconf 91' lang='lat'><em>.</em></span> <span class='ocrx_word' id='word_1_248' title='bbox 58 4089 100 4141; x_wconf 90' lang='lat' dir='ltr'><strong>nt</strong></span> <span class='ocrx_word' id='word_1_249' title='bbox 120 4077 165 4147; x_wconf 78' lang='lat' dir='ltr'><strong>sit</strong></span> <span class='ocrx_word' id='word_1_250' title='bbox 186 4075 318 4146; x_wconf 79' lang='lat' dir='ltr'><strong>difficile</strong></span> <span class='ocrx_word' id='word_1_251' title='bbox 342 4075 502 4160; x_wconf 87' lang='lat' dir='ltr'><strong>judicium</strong></span> <span class='ocrx_word' id='word_1_252' title='bbox 523 4073 715 4145; x_wconf 78' lang='lat' dir='ltr'><strong>excellentis</strong></span> <span class='ocrx_word' id='word_1_253' title='bbox 734 4075 871 4159; x_wconf 78' lang='lat' dir='ltr'><strong>maxime</strong></span> <span class='ocrx_word' id='word_1_254' title='bbox 888 4071 1066 4140; x_wconf 70' lang='lat' dir='ltr'><strong>suavitatis.</strong></span> <span class='ocrx_word' id='word_1_255' title='bbox 1120 4092 1123 4101; x_wconf 67' lang='lat'>¹</span> 
     </span>
    </p>
   </div>
   <div class='ocr_carea' id='block_1_9' title="bbox 0 0 1312 4800">
    <p class='ocr_par' dir='ltr' id='par_1_9' title="bbox 0 0 1312 4800">
     <span class='ocr_line' id='line_1_34' title="bbox 0 0 1312 4800; baseline 0 0"><span class='ocrx_word' id='word_1_256' title='bbox 0 0 1312 4800; x_wconf 95' lang='lat' dir='ltr'><strong> </strong></span> 
     </span>
    </p>
   </div>
  </div>
 </body>
</html>
