2610 4800
603 443 683 519 441

159 642 299 706 eborum
319 648 419 723 atque
437 637 707 702 exercitationum
726 648 816 701 certo
836 638 1052 719 necessitate,
1075 639 1143 704 otio
1248 627 1251 633 ’

157 759 184 812 st
211 745 464 831 incusatoribus
497 744 602 829 epulis
635 745 840 807 reficiuntur.
896 745 1039 829 Ideoque
1064 747 1144 809 mibi

154 854 336 919 succurra.
349 854 479 916 Tullius
494 863 621 916 tantum
635 854 785 916 intulisse
801 853 1008 934 eloquentiae
1018 855 1142 932 lumen,

120 958 302 1048 ‚'qaod'iu
335 962 396 1024 bos
427 984 560 1046 quoque
593 962 778 1024 studiorum
810 983 958 1025 secessus
990 963 1143 1025 excurrit.

147 1072 226 1137 liam
253 1071 281 1133 si
307 1069 399 1131 nobie
429 1069 497 1130 sola
518 1069 652 1131 materia
671 1069 771 1130 fuerit
788 1090 826 1131 ex
846 1069 980 1144 litibus,
1010 1091 1145 1133 necesse

146 1191 214 1251 est,
235 1178 404 1241 deteratur
421 1176 531 1259 fulgor
546 1187 579 1239 et
594 1176 745 1238 durescat
769 1177 927 1239 articulus
947 1188 980 1240 et
1000 1178 1070 1262 ipse
1088 1178 1147 1242 ille

144 1286 265 1349 mucra
280 1283 403 1368 ingenii
420 1283 610 1366 quotidiana
629 1306 735 1368 pugna
754 1285 959 1347 retundatur.

117 1408 120 1419 '
204 1392 274 1457 Sed
298 1391 573 1476 quemadmodum
594 1380 778 1455 forensibus
802 1393 1035 1456 certaminibus
1055 1391 1145 1456 exci-

148 1509 232 1565 tatos
253 1512 288 1565 ct
305 1499 400 1585 quasi
424 1500 604 1565 militantes
621 1500 727 1562 reiicit
745 1522 783 1562 ac
807 1513 935 1586 reparet
958 1500 1037 1563 haec
1053 1501 1146 1563 velut

149 1611 257 1693 sagina
281 1609 433 1673 dicendis
466 1608 515 1671 sic
535 1608 759 1672 adolescentes
780 1631 845 1670 noa
868 1610 988 1673 debent
1007 1610 1145 1671 nimium

151 1715 182 1778 iu
199 1712 415 1783 seleucenum
433 1714 573 1798 imagine
598 1715 736 1779 detineri
763 1726 797 1778 et
819 1717 970 1779 inanibus
990 1738 1024 1779 se
1042 1718 1147 1779 simu-

151 1821 245 1885 lacris
272 1844 378 1907 usque
403 1822 503 1901 adeo,
534 1835 572 1886 ut
595 1822 735 1883 difficilis
762 1825 801 1884 ab
821 1804 1054 1908 his'digressus
1080 1824 1143 1900 sit,

128 1933 373 2008 ‚assumerem
404 1954 446 1995 nc
473 1932 512 1994 ab
538 1933 612 2009 illa,
647 1932 679 1993 in
708 1954 771 2014 qua
790 1954 889 2015 prope
909 1932 1145 1995 consenuerint

155 2041 283 2117 umbra,
315 2061 391 2102 vera
411 2039 618 2118 discrimina,
653 2028 924 2123 velutquendum
944 2040 1061 2117 solem,
1091 2061 1144 2102 re·
1256 2084 1262 2091 ·

156 2146 324 2210 formident
341 2148 378 2227 ').
420 2147 517 2228 Quod
541 2147 699 2210 accidisse
723 2148 821 2208 etiam
845 2149 964 2209 Porcio
988 2148 1142 2225 Latroni,
1176 2205 1179 2212 ,
1242 2224 1245 2229 ἱ

159 2257 207 2338 qul
221 2257 345 2341 primus
366 2258 444 2320 clari
462 2234 603 2321 nominis
619 2258 785 2340 professor
801 2256 884 2333 fuit,
907 2257 1065 2318 traditur:
1088 2268 1142 2333 ut,
1168 2315 1183 2335 ,
1210 2278 1212 2283 “

161 2382 224 2426 cam
254 2366 304 2443 ei,
342 2387 500 2426 summam
525 2365 559 2425 iu
588 2364 708 2428 scholis
740 2366 928 2449 opinionem
962 2365 1169 2443 obtineati,·

162 2487 246 2533 musa
264 2473 297 2533 iu
321 2474 393 2535 soro
408 2484 495 2535 esset
511 2471 650 2550 oranda,
675 2473 820 2556 impense
835 2473 982 2557 petierit,
1006 2474 1054 2538 uti
1075 2462 1146 2536 sub«

163 2578 295 2643 tellicio
313 2577 480 2643 basilicam
499 2584 756 2644 transferrentur
772 2581 825 2660 ⁰).
868 2583 916 2643 lta
929 2563 988 2642 'itti
1016 2583 1144 2645 coelum

166 2752 489 2775 Q——nau—-n

157 2886 160 2890 '
186 2868 216 2943 ¹)
239 2872 309 2924 Alii:
328 2872 521 2926 certaminibus
533 2873 715 2936 exercitatos,
736 2881 803 2926 et-
817 2872 1143 2926 inanibussimulacris-

235 2975 268 3019 ut
282 2964 399 3038 difficile
417 2967 452 3019 ab
464 2967 506 3020 lais
520 2965 658 3039 digressos
671 2970 707 3020 sit
718 2968 901 3031 assueiacere,
922 2981 957 3020 uc
972 2977 1024 3020 etc.
1120 3008 1123 3012 .

182 3058 209 3136 ')
231 3062 274 3115 De
295 3064 395 3116 Porcio
411 3065 532 3114 Latrone
556 3072 583 3116 ct
608 3063 854 3117 declamationibus
877 3065 910 3116 cf.
926 3066 965 3118 M.
985 3065 1089 3115 Seneca
1115 3063 1144 3115 in

235 3155 317 3229 praes.
339 3158 422 3210 t.1v.
449 3168 624 3211 controversa.
651 3159 698 3211 ubi
720 3158 788 3212 haec
809 3158 905 3211 tradit:
950 3180 963 3206 a
975 3160 1030 3230 Qui
1049 3158 1144 3210 decla·
1193 3157 1199 3165 ’

233 3253 382 3304 mationem
401 3261 494 3322 parat,
522 3229 633 3316 scribit,
660 3271 716 3306 nou
731 3264 763 3306 ut
778 3256 886 3319 vincat,
912 3254 960 3307 sed
977 3264 1009 3306 ut
1026 3255 1142 3326 placeat.

233 3344 332 3398 Omnis
353 3348 448 3418 itaque
471 3348 610 3400 lenocinia
633 3349 672 3401 ita
694 3349 847 3420 conquirit:
880 3351 1143 3417 argumentationes,

150 3487 153 3492 .
234 3442 299 3512 quia
333 3442 464 3495 molestae
495 3453 578 3507 suut,
614 3451 642 3496 et
673 3426 816 3496 iriinimum
849 3430 953 3498 habeut
981 3445 1069 3508 floris,
1102 3464 1145 3497 re·
1257 3469 1262 3480 ·

233 3535 352 3607 linquit:
379 3539 520 3590 sententiis
551 3539 838 3610 explicationibusque
862 3541 1004 3592 audientes
1028 3508 1144 3592 delibire

185 3628 187 3632 ὗ
234 3625 383 3709 contentus
406 3641 455 3684 est.
498 3632 581 3702 Cupit
602 3634 673 3684 enim
696 3652 724 3686 se
749 3633 916 3705 approbare,
950 3652 1005 3685 aou
1026 3650 1142 3686 causam.
1180 3679 1183 3685 .

147 3727 161 3769 ὲ
235 3725 368 3796 Sequitur
387 3735 479 3778 autern
498 3726 652 3798 hocusque
671 3720 805 3780 lusorum
824 3728 1019 3781 declamatores
1036 3729 1143 3790 vitium,

235 3827 270 3871 ut
283 3821 435 3872 necessaria
449 3821 589 3885 deserant,
619 3823 685 3873 dum
700 3824 820 3893 speciosa
837 3833 985 3877 sectantur.
1029 3822 1146 3878 Accedit
1198 3815 1205 3822 ⁵

237 3915 319 3966 etism
333 3915 422 3980 illud,
444 3917 519 3989 quod
533 3918 696 3970 adversarios
712 3919 834 3989 quamvis
850 3919 938 3971 fatuos
954 3920 1076 3988 lingunt,
1103 3938 1145 3972 rc·

218 4036 225 4041 ..
237 3991 374 4080 spondent
386 4011 440 4062 illis
457 4021 485 4063 et
500 4031 572 4082 quae
587 4012 701 4074 volant,
731 4021 759 4069 ct
781 4013 846 4064 cura
864 3999 968 4066 volunt.
1005 4017 1147 4079 Praeterea
1199 4059 1202 4065 .

217 4103 309 4167 ,nihil
330 4114 388 4169 est,
414 4105 490 4177 quod
511 4124 626 4160 errorem
647 4107 741 4178 aliquo
758 4107 857 4161 darnno
876 4109 1003 4178 castiget:
1028 4109 1146 4162 stultitia
