2610 4800
531 397 687 474 ‘³22

147 596 289 684 positum
309 605 378 671 est,
400 596 544 683 utpotui
562 591 771 670 brevissime,
794 591 834 654 de
851 589 940 654 omui
960 601 1118 667 controver·

149 705 270 769 siarum
289 722 425 784 genere,
448 701 512 762 nisi
529 711 695 783 praeterea
715 712 750 761 tu
769 698 848 781 quid
864 698 1017 783 requiris.
1055 698 1119 758 (1.1.

86 805 89 816 ’
149 811 234 875 Illud
254 808 426 891 equidem,
451 808 621 894 quodkjam
642 830 743 868 uuum
764 818 886 873 restare
904 804 1020 884 video,
1049 804 1121 888 quale

150 917 211 998 sit,
255 939 357 1010 quum
387 916 581 1001 disceptatio
609 924 757 994 versatur
792 914 828 975 iu
864 902 1008 997 scriptis.
1053 911 1122 973 (1.1).

150 1028 252 1089 Recte
277 1023 453 1106 intelligis;
485 1044 522 1085 eo
543 1021 631 1083 enim
655 1022 820 1106 exposito,
852 1040 971 1081 munus
999 1015 1124 1102 promissi

151 1139 248 1198 omne
266 1131 447 1193 confecero.
491 1131 572 1190 Sunt
595 1127 694 1212 igitur
721 1127 865 1212 ambigui
885 1127 1011 1189 duobus
1034 1127 1127 1188 adver·

152 1237 249 1302 s'ariis
273 1247 443 1321 praecepta
463 1218 658 1329 comrnuniu.
701 1237 848 1318 Uterque
873 1233 961 1298 enim
981 1233 1064 1297 hauc
1082 1233 1130 1317 sig-

152 1345 395 1422 nificationem,
418 1368 482 1428 qna
498 1353 612 1406 utetur
629 1343 718 1425 ipse,
741 1343 872 1425 dignam
883 1341 1059 1426 scriptoris
1075 1361 1133 1426 pru·
1160 1390 1164 1395 .

152 1452 262 1517 deutia
286 1473 355 1515 esse
377 1452 539 1539 defendet.
582 1452 728 1533 Uterque
745 1450 799 1528 id,
832 1451 921 1532 quod
946 1447 1135 1512 adversarius

154 1580 193 1624 ex
210 1559 358 1644 ambigue
375 1561 497 1644 scripto
518 1558 768 1640 intelligendum
786 1579 857 1620 esse
880 1557 988 1635 dicet,
1020 1567 1076 1618 aut
1094 1556 1138 1617 ab·

154 1666 307 1743 turdum,
340 1675 397 1726 aut
422 1666 562 1743 inutile,
600 1675 656 1725 aut
680 1665 851 1748 iniquum,
885 1675 942 1727 aut
964 1675 1062 1748 turpe
1081 1682 1139 1726 etas

153 1763 325 1850 defendet,
359 1773 531 1835 autetiam
556 1773 741 1855 discrepare
762 1794 835 1834 curn
859 1772 979 1835 ceteris
1000 1771 1137 1854 seriptis,
1171 1786 1178 1853 -j

154 1879 208 1944 vei
228 1879 384 1957 aliorum,
407 1880 461 1942 vei
477 1865 624 1956 inarime,
649 1879 676 1939 si
692 1880 826 1962 poterit,
849 1877 1014 1964 ejusdem
1039 1898 1139 1961 quau-
1172 1914 1178 1965 ¹.

156 2009 220 2071 que
240 1987 395 2049 defendet
418 1987 505 2072 ipse,
540 2008 609 2050 eam
630 2008 698 2048 rem
725 1995 758 2048 et
781 1983 1140 2068 seutentiaquuemvis
1166 1968 1178 2013 '⁴

155 2089 350 2181 prudentem
368 2105 400 2156 et
416 2093 539 2178 justum
556 2095 741 2172 hominem,
777 2093 805 2157 si
824 2093 987 2174 integrum
1008 2093 1139 2167 daretur,

158 2202 357 2286 scripturum
377 2203 495 2278 fuisse,
525 2202 581 2264 sed
601 2202 741 2285 planius.
781 2202 927 2284 Eumque
945 2201 1141 2276 sententiam,

159 2329 256 2393 quam
276 2307 453 2391 significari
471 2330 566 2391 posse
590 2310 700 2387 dicet,
733 2308 814 2371 nihil
830 2308 968 2386 habere,
1001 2320 1060 2372 aut
1078 2331 1143 2393 cap·

63 2445 69 2463 x
157 2415 258 2478 tionis
277 2425 334 2475 aut
351 2414 442 2489 vitii;
466 2417 664 2478 contrariam
681 2426 783 2478 artem
802 2415 828 2477 si
844 2416 1009 2498 probarit,
1032 2419 1099 2480 fore
1113 2423 1143 2477 ut

160 2522 262 2585 multa
281 2522 377 2600 vitia,
407 2525 527 2602 stulta,
558 2525 690 2608 iniqua,
721 2514 1142 2611 contrariaconsequuntur.

160 2631 270 2708 Quum
294 2639 402 2692 autem
421 2631 511 2693 aliud
536 2633 677 2716 scriptor
700 2611 841 2695 sensisse
863 2631 997 2696 videtur
1011 2645 1049 2698 et
1069 2626 1143 2694 aliud

160 2737 352 2822 scripsisse3
377 2739 435 2822 qui
459 2739 580 2822 scripto
605 2741 749 2818 nitetur,
772 2762 846 2803 enm
864 2761 900 2803 re
918 2741 1083 2825 exposita,
1101 2739 1144 2802 re'·

161 2843 318 2909 citatione
349 2846 396 2907 uti
422 2847 612 2930 oporteant
651 2848 770 2911 deinde
801 2848 923 2936 instare
950 2848 1142 2923 adversario,

162 2951 301 3030 iterare,
333 2975 505 3034 revocare,
545 2932 764 3042 interrogare,
804 2978 881 3019 num
912 2969 971 3022 aut
999 2960 1143 3044 scriptum

164 3071 279 3141 neget,
301 3073 357 3123 aut
374 3075 488 3125 contra
505 3065 629 3145 facturn
645 3066 819 3129 inficietur.
859 3066 939 3130 Post
954 3065 1097 3153 judicem
1111 3061 1143 3126 ad
1175 3140 1178 3153 Ι

164 3165 230 3236 vim
249 3167 363 3250 scripti
380 3179 477 3233 vocet
496 3171 533 3250 *).

167 3335 510 3356 m

204 3429 231 3511 ³)
255 3441 296 3495 cf.
312 3444 396 3498 Arist.
409 3436 526 3526 Rheni.
541 3447 563 3500 1.
578 3461 604 3502 c.
620 3463 659 3500 ro.
694 3447 729 3503 u.
745 3445 862 3512 Quintil.
879 3443 898 3499 1.
915 3446 967 3502 111.
986 3462 1010 3500 c.
1019 3457 1050 3551 p
