2610 4800
582 466 666 544 507

136 660 252 740 attera,
282 684 369 746 quae
390 658 516 724 sint‘in
542 662 739 745 disputando
768 684 862 738 vcra,
897 676 997 748 atque
1024 668 1125 744 salsa,

136 768 317 853 quibusque
344 768 461 853 positis
489 769 570 852 quid
601 780 781 852 aaqrmtnr,
817 770 988 855 distinguit
1016 786 1048 837 et
1072 773 1124 859 ju-

133 874 233 951 dican
268 898 352 959 quae
383 878 488 939 virtus
524 878 629 937 carinis
664 878 696 937 in
735 878 881 954 rationo,
922 880 1128 964 scientiaque

132 982 318 1069 disputandi
349 983 410 1044 sita
445 994 511 1045 cst:
553 987 655 1045 altera
695 997 802 1046 autern
837 988 988 1051 oratoria.
1040 989 1128 1051 Nibil

132 1094 218 1155 enim
244 1104 296 1156 est
316 1092 406 1155 aliud
430 1093 638 1174 eloquentia,
675 1093 737 1153 nisi
763 1094 895 1175 copiose
917 1096 1055 1179 loquens
1077 1120 1129 1158 sa-

131 1202 255 1283 pientia
263 1227 273 1275 i
297 1224 381 1285 quae
396 1222 433 1262 ex
450 1201 561 1262 eodem
576 1199 690 1261 bansta
706 1222 840 1281 genere,
863 1222 927 1283 quo
946 1204 1020 1281 illa,
1045 1226 1128 1287 quae

131 1306 167 1371 in
180 1308 395 1391 disputando,
418 1308 549 1369 uberior
563 1321 630 1383 est,
653 1319 751 1390 atque
770 1308 885 1385 latior,
910 1310 999 1371 etad
1020 1324 1129 1375 motus

131 1416 335 1493 animorum,
366 1417 521 1499 vulgique
546 1438 659 1478 sensus
683 1417 965 1480 accommodatior.
1008 1421 1126 1482 Custos

131 1544 208 1587 vero
229 1525 390 1586 virtutum
411 1525 576 1601 omnium,
600 1525 740 1587 dedecus
761 1526 907 1607 fugiens,
932 1526 1126 1610 laudemque

131 1632 269 1695 mxime
295 1653 520 1715 consequens,
551 1633 748 1694 verecundia
768 1641 825 1693 est.
868 1633 977 1715 Atque
996 1634 1029 1693 bi
1051 1645 1127 1696 suut

131 1738 265 1823 quidem
280 1742 349 1801 sere
366 1739 460 1821 quasi
481 1739 612 1821 quidam
627 1740 756 1801 luibitus
778 1739 897 1816 animi,
931 1741 978 1800 sic
996 1740 1126 1818 affecti,

131 1856 169 1911 et
184 1848 377 1926 constituti,
406 1859 443 1909 ut
468 1848 534 1909 sint
553 1848 665 1925 linguli
687 1848 772 1907 inter
790 1870 824 1908 se
846 1849 976 1930 proprio
993 1849 1126 1913 virtutis

133 1974 250 2037 geone
274 1954 443 2027 distincti;
478 1978 496 2014 a
524 1956 644 2037 quibus
661 1965 696 2014 ut
715 1974 864 2037 quaeque
881 1940 932 2016 res
951 1966 1039 2039 gesta
1061 1967 1126 2035 est,

137 2060 178 2125 ita
193 2064 235 2125 sit
247 2062 385 2124 honesta
402 2084 535 2124 neccsse
553 2075 613 2139 est,
638 2084 826 2145 summeque
841 2064 1021 2127 laudabilis.
1043 2066 1127 2129 Sunt

137 2182 240 2233 entem
258 2169 315 2231 ulii
335 2171 467 2253 quidam
486 2172 621 2252 perfecti
642 2172 740 2231 arriani
763 2171 893 2232 habitus
913 2171 952 2232 ad
972 2174 1127 2235 virtutem

139 2279 224 2361 qnasi
242 2278 404 2363 praeculti
427 2288 460 2341 et
478 2279 657 2361 praeparati
678 2280 778 2340 rectis
799 2279 915 2339 studiis
935 2290 968 2341 ct
989 2282 1127 2342 artibusr
1219 2352 1228 2365 x

139 2395 174 2449 nt
193 2388 227 2449 in
245 2389 314 2449 suis
336 2387 453 2464 rebus,
485 2386 593 2448 studia
617 2387 807 2463 literarum,
837 2400 873 2451 ut
899 2410 1127 2465 numerorum,

137 2514 172 2557 ne
188 2515 363 2570 sonorum,
387 2505 424 2556 ut
444 2516 632 2572 mensurae,
656 2506 693 2556 ut
713 2495 874 2573 siderum,
899 2509 936 2559 ut
956 2518 1128 2579 equorum,

139 2602 355 2677 sisenandi,
386 2613 422 2664 ut
443 2624 623 2677 arnaorum3
654 2603 686 2661 in
711 2605 955 2679 communibus,
987 2627 1127 2687 propen-

139 2708 218 2771 siora
245 2706 352 2771 studia
380 2709 412 2769 in
439 2710 548 2791 aliquo
573 2731 689 2792 genere
716 2711 848 2772 virtutis
876 2711 1049 2794 praecipue
1075 2734 1127 2772 co·

131 2816 249 2893 leudo,
272 2830 329 2879 aut
345 2800 464 2878 divinis
481 2818 575 2879 rebus
592 2817 822 2894 deserviendo,
847 2833 898 2879 aut
919 2820 1124 2901 parcentibus,

136 2904 270 3004 amieis,
301 2924 484 3009 hospitibus
516 2926 690 3008 praecipue
724 2937 822 3008 atque
851 2926 1023 3011 insignitor
1051 2928 1126 2988 dili-

135 3034 254 3119 gendis.
308 3036 417 3115 Atque
454 3031 534 3094 haec
571 3031 703 3115 quidem
741 3034 908 3097 virtutum.
960 3037 1126 3099 Vitiorum
1215 3056 1217 3061 '

134 3152 249 3205 antem
264 3150 341 3202 sunt
368 3162 484 3223 genera
513 3138 684 3201 contraria.
729 3142 897 3202 Cerncnda
919 3152 1027 3204 autem
1048 3154 1125 3205 sunt

135 3246 326 3332 diiigenter,
350 3270 390 3309 ne
410 3248 525 3310 fallant
544 3270 580 3309 ea
599 3271 657 3308 nos
678 3247 776 3325 vitia,
801 3272 884 3332 quae
905 3253 1058 3325 virtutem
1075 3252 1125 3312 ri·

134 3355 252 3419 dentur
270 3356 402 3418 imitari.
445 3358 523 3416 Nam
547 3365 578 3417 ct
597 3353 804 3438 prudentiam
822 3358 965 3436 unilitia,
996 3368 1027 3419 et
1046 3369 1126 3419 tem·

134 3465 311 3545 percutiam
336 3465 517 3527 immanitas
540 3466 571 3524 in
593 3464 815 3547 voluptatibus
835 3440 1067 3549 aspernandis,
1091 3475 1124 3528 et

135 3572 386 3657 magnitudinem
422 3574 521 3634 animi
549 3574 698 3655 superbia
725 3576 757 3636 in
790 3577 905 3636 animis
928 3574 1121 3638 extollendis

135 3691 163 3741 et
181 3680 396 3771 despicientia
415 3682 448 3742 in
473 3683 720 3777 contemnendis
740 3684 934 3761 bonoribus,
957 3695 988 3755 et
1005 3662 1138 3744 libera-⁶
1197 3704 1200 3707 ·

135 3770 251 3852 litatem
275 3784 408 3869 effusis,
439 3801 472 3852 et
493 3791 719 3850 fortitudinem
741 3792 875 3852 audacia
902 3791 1063 3869 imitatur,
1090 3802 1122 3855 ct
1160 3817 1172 3826 ·

134 3888 320 3976 patientiam
350 3897 471 3959 duritia
501 3899 668 3973 immanis,
703 3908 735 3959 et
760 3896 918 3981 justitiam
942 3900 1119 3976 acerbitas,

135 4012 162 4063 et
177 4005 367 4088 religionem
383 4005 588 4087 superstitio,
613 4018 645 4068 et
666 4005 833 4083 lenitatem
847 4004 983 4066 mollitia
1002 4007 1120 4083 animi,

135 4123 162 4172 et
188 4112 423 4180 verecundiam
450 4113 627 4189 timiditas,
662 4123 694 4176 ct
723 4112 812 4173 illam
836 4112 1024 4193 disputandi
1048 4136 1120 4196 pru·

133 4218 270 4282 dentiam
298 4221 501 4283 concertatio
524 4222 732 4309 captatioque
757 4223 948 4297 verborum,
981 4231 1013 4282 ct
1034 4220 1117 4283 hanc
