2610 4800
567 398 674 473 aa

147 600 321 663 deheamns
351 599 494 681 figuram.
526 632 567 647 κ
615 598 702 681 Ergo
729 595 832 681 figura
864 596 909 660 sit
939 610 1005 661 arte
1039 600 1148 707 edique

233 830 299 903 poni
314 847 370 882 uon
383 831 489 902 potuit,
509 838 644 902 quamsit
659 847 715 882 uno
729 830 880 897 significata
893 831 1032 884 translato.
1058 834 1149 903 Atque

167 940 170 945 ’
234 925 289 978 hoc
311 926 340 977 in
362 943 460 995 genere
487 942 616 997 persaepe
638 926 705 977 milri
723 926 909 978 admirandum
927 926 1054 989 videtur,
1082 926 1150 999 quid

234 1022 284 1085 sit,
313 1021 388 1092 quod
407 1039 499 1073 omnes
520 1021 673 1085 transistis,
705 1029 732 1074 et
756 1022 853 1073 alienis
873 1022 957 1089 magis
975 1022 1151 1076 delectantur

234 1114 342 1179 verbis,
362 1134 442 1187 quarn
459 1117 570 1187 propriis
584 1126 612 1169 ct
628 1117 689 1169 siris.
727 1117 794 1168 iiam
813 1117 835 1168 si
857 1136 897 1170 res
911 1135 988 1169 suurn
1004 1135 1104 1170 nornen
1122 1128 1152 1172 et

232 1212 370 1284 proprium
384 1211 548 1264 vocabulum
565 1231 619 1264 non
635 1212 730 1275 habet,
749 1223 780 1266 nt
793 1231 841 1282 pes
856 1214 884 1264 in
899 1214 971 1277 navi,
991 1222 1022 1265 nt
1037 1231 1150 1277 nexum,

235 1306 310 1379 quod
328 1325 376 1378 per
390 1305 486 1357 libram
500 1309 603 1373 agitur,
623 1316 655 1359 ut
671 1307 699 1359 in
715 1326 798 1360 uxore
816 1307 986 1373 divortium,-
1005 1309 1152 1361 necessitas

235 1403 326 1470 cogit,
354 1401 429 1473 quod
442 1420 496 1452 nnn
513 1401 631 1464 habeas,
658 1402 770 1453 aliunde
792 1421 911 1455 snrnere:
936 1403 984 1455 sed
1000 1405 1027 1455 in
1043 1420 1153 1455 suorum

234 1496 378 1550 verborum
392 1495 507 1546 rnasirna
519 1496 607 1565 copia,
620 1503 712 1547 tamon
724 1496 846 1549 homiues
857 1498 947 1549 aliena
959 1497 1046 1550 inulto
1058 1501 1152 1564 tnagis,

235 1588 344 1646 si'sunt
367 1591 469 1643 ratione
494 1591 641 1653 translata,
671 1590 821 1644 delectant.
861 1592 1033 1644 idaci-idere
1051 1593 1151 1657 credo,

234 1687 280 1743 vel
298 1687 373 1759 quod
391 1687 493 1753 ingenii
515 1685 654 1756 specimen
676 1694 716 1737 est
739 1684 896 1755 quoddam,
926 1686 1062 1740 transilire
1089 1696 1153 1740 aute

235 1782 322 1857 pedes
338 1783 444 1853 posita,
472 1790 500 1833 et
516 1780 570 1830 alia
583 1780 665 1846 longo
680 1780 795 1850 repetita
808 1798 928 1833 sumere:
951 1781 997 1833 vei
1018 1782 1094 1853 quod
1111 1781 1152 1846 is,

237 1876 286 1951 qui
301 1877 394 1940 audit,
416 1876 469 1928 aiio
485 1876 596 1928 ducitur
609 1874 792 1941 cogitatione,
813 1893 904 1945 neque
922 1884 1013 1929 tumen
1029 1875 1152 1944 aberrat3

238 1989 312 2045 quae
326 1972 441 2023 maxima
458 1978 499 2022 est
514 1970 679 2022 delectatior
704 1971 748 2021 rel
769 1970 844 2040 qnod
860 1970 972 2037 singulis
990 1970 1077 2022 verbis
1094 1988 1153 2034 res,

165 2094 169 2103 ·
237 2084 271 2121 ac
285 2070 374 2120 totuin
387 2066 474 2118 simile
488 2065 645 2117 conficitur:
664 2065 708 2118 vei
724 2065 797 2135 qnod
811 2066 897 2118 onmis
911 2065 1062 2127 translatio,
1082 2081 1155 2135 quae

237 2162 350 2235 quidem
373 2178 475 2212 summa
495 2161 599 2212 ratione
623 2169 679 2227 cst,
705 2160 741 2210 ad
765 2178 857 2212 sensus
884 2161 955 2231 ipsos
975 2160 1153 2226 admovetur,

239 2256 356 2309 maxime
371 2255 528 2315 oculorum,
550 2254 597 2325 qui
613 2264 654 2307 est
664 2271 756 2306 sensns
770 2255 922 2306 acerrimus.
959 2254 1026 2305 Nam
1043 2264 1072 2307 et
1084 2252 1156 2308 odor·

239 2352 421 2414 urbanitatis,
448 2360 476 2402 et
486 2348 632 2401 mollitudo
645 2349 840 2411 lrnnnrnitatis‚
865 2360 893 2402 et
913 2368 1037 2402 rnurmnr
1055 2351 1153 2415 maris,

160 2466 164 2471 ·
241 2454 270 2499 et
290 2443 407 2498 dulcedo
433 2444 577 2507 orationis,
608 2457 671 2498 sunt
693 2443 1066 2496 ductaacetcrissensibus.
1104 2442 1157 2495 ttta

238 2557 303 2594 uero
320 2541 461 2593 oculorum
482 2540 568 2591 multo
583 2540 702 2601 acriora,
730 2555 801 2609 quae
816 2546 923 2608 ponunt
939 2556 1025 2607 paene
1044 2539 1072 2589 in
1090 2555 1157 2591 con-

240 2644 337 2707 spectu
353 2636 451 2699 animi,
472 2653 541 2706 qnae
557 2652 668 2686 cernere
683 2643 712 2685 et
723 2632 816 2685 videre
828 2650 883 2683 nou
899 2650 1046 2702 possumus.
1083 2632 1158 2683 Nihil

241 2740 283 2784 eat
306 2731 378 2783 euim
398 2731 426 2781 in
447 2749 533 2783 rerunt
555 2739 668 2787 natura,
696 2731 773 2795 cnjus
793 2746 841 2780 nos
865 2745 919 2779 non
940 2728 969 2778 in
990 2728 1050 2780 aliis
1077 2727 1158 2780 rebus

239 2825 371 2895 possimus
391 2826 432 2876 uti
454 2824 590 2877 vocabulo
608 2834 635 2875 et
654 2823 779 2887 nornine3
808 2822 882 2874 unde
897 2822 970 2873 enim
988 2822 1075 2874 similo
1091 2821 1157 2873 duci

151 2976 154 2981 ,
239 2930 347 2993 potest,
366 2921 578 2992 (potestantem
594 2938 626 2973 ex
641 2917 783 2986 omnibus)
799 2919 921 2969 indidem
934 2918 1046 2969 verbum
1058 2936 1154 2983 unum,

241 3016 318 3087 quod
336 3015 541 3069 similitudinem
566 3015 706 3077 continet,
734 3014 912 3077 translatum,
947 3013 1039 3065 lumen
1067 3013 1157 3065 adfert

239 3111 363 3164 orationi.
400 3112 463 3181 Quo
476 3113 504 3161 in
518 3129 615 3178 genere
629 3111 743 3180 primum
756 3110 884 3176 fugienda
896 3118 936 3161 est
949 3108 1155 3160 dissimilitudo:

348 3214 384 3246 ³-
405 3236 437 3246 -
459 3208 537 3258 Coeli
555 3210 680 3275 ingentes
690 3207 829 3279 fornices.

240 3301 371 3373 Quamvis
385 3301 524 3372 sphaeram
538 3302 565 3353 in
580 3319 688 3354 scenarn
704 3302 753 3373 (ut
768 3299 885 3370 dicitur)
901 3299 1025 3352 attulerit
1040 3298 1154 3365 Ennius,

240 3397 375 3450 tamenin
388 3396 501 3468 sphaera
516 3398 625 3448 fornicis
636 3397 785 3449 similitudo
799 3416 854 3448 non
868 3405 959 3467 potest
970 3396 1067 3446 inesse.

355 3521 387 3532 -
407 3521 438 3530 —
461 3494 524 3545 Vive
544 3493 668 3557 Idymes,
688 3490 751 3544 dum
768 3493 854 3543 lieet:

354 3588 447 3640 Oculis
460 3601 625 3656 postremum
639 3588 732 3639 lumen
747 3584 890 3636 radiatum
906 3602 980 3653 rape.

240 3680 304 3735 Nou
323 3681 408 3746 dixit,
436 3700 522 3751 cape,-
555 3700 627 3743 non,
653 3694 730 3749 pete:
761 3679 876 3731 liaberet
895 3679 1157 3747 enimmoramspe·

240 3778 326 3830 rantis
337 3777 439 3830 diutius
455 3796 512 3829 esse
527 3795 586 3829 sese
601 3776 753 3832 victurunr;
782 3774 828 3825 sed
850 3791 924 3844 rupe.
962 3775 1022 3824 Hoc
1044 3773 1157 3825 verbum

147 3872 166 3945 ’Π
241 3881 283 3925 est
310 3872 345 3924 ad
371 3872 400 3922 id
423 3881 562 3942 aptatum,
598 3871 673 3943 qnod
695 3878 759 3920 auto
783 3868 907 3930 dixerat,
934 3896 966 3907 -
996 3866 1059 3918 dnm
1082 3868 1155 3917 lii-ee.

240 3966 349 4021 Deinde
362 3966 510 4020 videndum
525 3976 582 4029 est,
603 3983 637 4017 ne
652 3965 732 4031 longe
747 3961 834 4013 simile
848 3962 883 4013 sit
896 3961 1018 4014 ductum.
1055 3962 1156 4027 Syrtim

168 4112 171 4117 ,
238 4063 406 4131 patrimonii
418 4063 559 4130 scopulum
576 4060 707 4113 libentius
723 4057 854 4126 dixerim3
883 4055 1052 4124 Charybdim
1069 4056 1156 4107 bono-
