2610 4800
716 393 771 466 82

254 508 271 547 l

180 648 183 653 .
242 593 384 678 digerunt
408 590 598 668 audientes,
623 569 783 674 quantum
805 589 888 652 illud
911 580 1015 668 esset,
1046 591 1144 675 quod
1172 587 1258 658 inie-

242 701 399 777 rebatur,
441 699 496 761 cui
532 709 717 782 comparata
754 698 834 760 haec
871 698 1063 760 viderentur
1107 697 1256 765 humana

241 819 342 892 utque
361 807 504 868 usitata?
535 792 589 868 Sic
611 829 744 890 quoque
761 807 843 869 solet
864 807 984 870 ex‘alio
1004 805 1254 893 aliud-augeri3

242 913 287 980 ut'
301 939 403 1000 quum
419 916 609 978 Hannibalis
629 916 757 996 bellicis
773 904 924 976 laudibus
942 916 1123 1000 ampliatur
1145 917 1254 981 virtus

241 1025 416 1110 Scipionis.
468 1027 509 1109 Et
535 1025 764 1086 fortitudinem
790 1003 958 1085 Gallorum
988 1025 1255 1089 Germanorum·

243 1156 308 1218 que
326 1133 496 1210 miramur,
512 1155 587 1217 quo
607 1133 649 1194 sit
665 1131 767 1214 major
785 1135 819 1193 C.
835 1131 980 1194 Caesaris
1000 1132 1116 1214 gloria.
1163 1133 1254 1196 Illud

242 1251 454 1326 quoque·est
482 1263 524 1305 ex
552 1243 703 1302 relatione
732 1241 776 1302 ad
795 1241 938 1325 aliquid,
970 1241 1058 1324 quod
1080 1263 1152 1302 non
1183 1240 1254 1327 ejus

213 1391 220 1396 ›·
245 1342 294 1413 rei
309 1351 411 1433 gratia
431 1349 556 1410 dictum
576 1349 722 1424 videtur,
746 1350 1004 1433 amplificationis
1026 1370 1144 1431 genus.
1182 1351 1254 1413 Non

244 1467 364 1544 putant
383 1457 552 1540 indignum
572 1455 705 1540 Trojani
726 1458 911 1544 principes,
935 1457 1050 1519 Graios
1070 1440 1256 1543 Traianos-

245 1577 312 1650 que
327 1575 461 1652 propter
474 1566 617 1628 Helenae
633 1567 774 1650 speeiem
789 1576 839 1628 tot
855 1565 956 1640 mala,
980 1574 1072 1626 tanto
1090 1568 1255 1653 temporis

243 1675 374 1758 spatio,
412 1666 584 1736 sustinere.
627 1657 796 1753 Quaenam
823 1672 923 1756 igitur
956 1673 1012 1733 illa
1043 1674 1154 1735 forma
1184 1680 1257 1740 cde·

244 1780 353 1843 denda
383 1780 453 1843 esti
484 1783 556 1843 Non
581 1781 668 1842 enim
698 1782 761 1841 hoc
788 1780 869 1842 dicit
893 1781 1002 1857 Paris,
1035 1781 1093 1864 qui
1117 1784 1255 1867 raphin

246 1906 315 1950 uon
344 1887 463 1971 aliquis
490 1887 642 1972 juvenis,
674 1897 833 1950 autunus
859 1909 876 1949 e
899 1888 1018 1970 vulg03
1053 1886 1255 1968 sedamen,

247 2006 281 2058 et
304 1996 573 2079 prudentissimi,
605 2007 638 2060 et
663 1997 792 2058 Priamo
823 1996 1018 2058 adsidentes.
1061 1999 1199 2061 Verum
1226 2008 1265 2063 et‘

167 2175 171 2184 Ι
247 2103 318 2187 ipse
333 2125 409 2180 rex,
433 2103 573 2166 decenni
588 2104 674 2165 hello
693 2102 887 2180 exhaustus,
912 2104 1042 2165 amissis
1054 2112 1104 2164 tot
1118 2103 1255 2183 liberis,

177 2210 183 2228 '
247 2209 442 2272 imminente
463 2231 587 2270 summo
608 2210 817 2284 discrimine,
854 2210 1181 2299 cuifaciemoillam,
1218 2232 1253 2276 ex

251 2339 318 2401 qua
349 2327 400 2379 tot
425 2316 634 2379 lacrimarum
664 2319 754 2399 origo
784 2316 949 2394 fluxisset,
982 2319 1122 2380 invisam
1154 2333 1255 2406 atque

249 2412 497 2487 abominandam
519 2448 590 2488 esse
612 2427 801 2510 oportebat,
830 2439 862 2489 et
884 2427 975 2489 audit
995 2427 1095 2504 haec,
1129 2436 1164 2489 et
1187 2452 1255 2492 eam

249 2534 350 2615 filiam
364 2535 543 2618 appellans,
559 2534 649 2619 juxta
665 2557 698 2596 se
715 2535 814 2613 locat,
835 2547 867 2597 et
883 2545 1015 2597 excusat
1029 2537 1138 2614 etiam,
1154 2548 1255 2622 atque

252 2640 315 2704 sibi
332 2652 402 2705 es'se
423 2643 581 2703 malorum
600 2664 730 2704 causam
748 2652 852 2725 negat.
870 2643 896 2720 *)
913 2681 950 2690 -—
981 2645 1094 2706 Potest
1111 2645 1254 2708 adscribi

250 2751 498 2836 amplificationi
521 2772 694 2814 concisurus
716 2773 848 2835 quoque
870 2753 1043 2814 verborum
1060 2774 1096 2814 ac
1119 2766 1256 2819 sentcn-

246 2859 368 2923 tiarum
394 2859 480 2922 idem
502 2857 767 2940 significantium.
817 2861 899 2921 Nam
927 2860 1024 2922 etiam
1053 2860 1173 2923 si'no'n
1199 2884 1256 2948 per

249 2966 368 3051 padus
390 2964 589 3043 ascendant,
625 2979 733 3030 tamen
752 2968 844 3030 velut
863 2989 981 3028 acervo
1003 2967 1145 3051 quodam
1164 2971 1255 3032 adic-

248 3064 378 3165 iantur.
430 3075 519 3163 Quid
541 3077 623 3137 enim
648 3056 719 3139 tuus
742 3079 795 3138 ille
805 3122 818 3150 ,
854 3077 1001 3146 Tubero,
1035 3075 1255 3152 districtoris

251 3182 329 3245 acie'
346 3186 531 3248 Pharsalica
557 3187 682 3270 gladius
702 3187 830 3268 agebat?
857 3187 943 3265 cujus
964 3186 1044 3246 latus
1070 3188 1123 3247 ille
1146 3209 1254 3250 mucro

250 3293 396 3378 petebat?
424 3294 480 3379 qui
496 3317 610 3357 sensus
635 3307 703 3356 erat
730 3312 886 3354 armorum
911 3297 1061 3354 tuorum?
1098 3318 1179 3381 quae
1202 3311 1255 3378 tuo
1282 3357 1286 3364 ,

252 3405 363 3466 mens?
391 3404 501 3464 ostili?
531 3406 664 3478 manusx?
694 3401 793 3464 ardor
817 3396 942 3462 anina?
975 3401 1056 3487 quid
1084 3390 1257 3482 cupiebas?

251 3512 566 3599 quidoptabast**t
608 3511 719 3583 Simile
739 3519 789 3572 est
805 3509 868 3571 hoc
890 3509 1027 3593 figurae,
1061 3533 1160 3593 quam
1185 3536 1258 3579 συν.

253 3620 445 3705 αθροισμὸν
464 3630 603 3695 vocant3
636 3618 694 3683 sed
718 3617 787 3679 illic
807 3618 950 3702 plurium
972 3640 1080 3680 rerum
1103 3631 1152 3683 est
1176 3644 1258 3684 con-

254 3724 378 3809 geries,
407 3727 461 3791 hic
482 3727 581 3789 unius
598 3725 845 3812 multiplicatio,
882 3727 970 3791 Haec
983 3727 1086 3792 etiam
1108 3750 1259 3795 crescere

254 3879 600 3896 n*

289 3957 315 4029 1’)
340 3959 374 4013 11.
393 3960 444 4013 111.
467 3963 516 4015 156
534 3976 632 4032 seqq-¹

278 4051 318 4123 ”)
343 4055 393 4108 Pro
412 4054 467 4124 lig.
485 4070 509 4110 c.
528 4056 552 4110 3.
572 4058 596 4123 ς.
615 4073 643 4124 9.
