2610 4800
532 434 617 511 593

153 634 293 707 imagines
312 635 453 700 reddunt,
486 644 516 689 et
542 634 622 687 nimis
645 632 752 703 angusti
770 650 851 705 saepe
869 649 924 686 non
945 631 1075 686 ridentur
1137 619 1148 653 '¹

152 747 241 810 posse
266 748 366 803 capere
393 731 542 797 imaginum
564 730 782 783 collocationem.
825 730 898 782 Tum
919 744 972 781 nee
995 727 1074 780 nimis

151 825 315 891 illustrem·
332 843 386 881 nec
404 824 583 880 vehementer
603 825 732 879 obscuros
749 825 826 878 locos
839 823 934 876 haben
950 832 1073 894 oportet,

148 938 196 977 ne
210 922 399 976 obcaecentur
417 921 538 977 tenebris
555 921 701 988 imagines,
728 931 777 973 sut
795 920 941 991 splendore
956 919 1076 990 praeiud-

150 1027 253 1085 gesnt.
297 1016 447 1070 intervalia
470 1016 593 1069 iocosum
617 1015 766 1068 mediocria
790 1031 849 1067 esse
874 1014 986 1085 placet,
1018 1013 1075 1066 iere

148 1112 260 1183 paullo
273 1112 353 1183 plus,
378 1120 428 1163 sut
447 1110 536 1163 minus
550 1110 651 1181 pedum
672 1108 813 1163 tricenum.
850 1108 918 1160 Nam
934 1118 966 1161 ut
981 1125 1076 1178 aspec-

152 1218 226 1269 tus,
244 1207 284 1259 its
300 1205 429 1273 cogitatio
443 1206 531 1258 minus
546 1204 628 1267 salet,
648 1204 705 1257 sive
718 1203 797 1279 nimis
811 1203 906 1274 procul
920 1202 1075 1266 remoreris,
1098 1198 1102 1205 ’

150 1302 220 1356 nive
240 1300 419 1355 vehementer
431 1316 514 1370 prope
528 1298 678 1351 admoveris
693 1296 738 1361 id,¹
767 1296 843 1371 quod
858 1306 965 1368 oportet
979 1297 1075 1350 rideri.

153 1395 220 1450 ssd
233 1412 392 1468 quanquam
407 1394 488 1447 isciie
503 1403 545 1448 est
559 1394 595 1457 ei,
615 1395 663 1465 qui
677 1393 770 1464 psallo
788 1393 866 1464 plura
880 1392 1074 1463 exploraverit,

152 1490 287 1563 quamvis
302 1489 402 1541 multos
418 1498 447 1543 et
458 1489 571 1542 idoneos
585 1489 660 1541 locos
674 1504 842 1559 comparare:
867 1488 995 1540 tamensi
1011 1488 1075 1558 quis

154 1585 198 1637 td
211 1584 264 1637 ists
278 1584 342 1638 satis
355 1584 470 1637 idoneos
481 1585 602 1637 invenire
616 1602 645 1637 se
662 1601 717 1636 non
734 1582 853 1655 putabit,
871 1582 929 1654 ipse
944 1582 994 1635 sibi
1009 1600 1076 1635 con·

153 1678 260 1733 susum
280 1695 363 1750 qna·
383 1679 458 1732 rolet
476 1679 579 1731 multos
597 1678 701 1731 licebit.
738 1676 873 1745 Cogitatio
891 1676 963 1729 enim
979 1693 1076 1747 quam·

157 1772 203 1827 vis
217 1774 354 1842 regionem
369 1782 460 1845 potest
474 1773 612 1845 amplecti,
633 1783 662 1827 et
677 1772 706 1824 in
720 1789 752 1825 ea
767 1771 849 1824 situm
861 1770 916 1824 ioci
932 1771 1075 1837 cujusdam

156 1867 198 1921 ed
212 1886 294 1920 sunm
308 1866 448 1921 arbitrium
460 1867 585 1921 fabricari
601 1877 630 1922 et
643 1866 824 1922 architectari.
860 1867 952 1936 Quare
966 1865 1073 1930 licebit,

158 1962 185 2017 si
208 1962 263 2016 hac
286 1972 391 2034 promta
413 1963 492 2035 copis
521 1964 645 2017 contenti
673 1980 729 2015 non
752 1963 866 2025 erimus,
898 1961 1075 2032 nometipsos

160 2056 241 2111 nobis
254 2057 420 2125 cogitatione
437 2066 526 2109 nostra
544 2058 680 2124 regionem
700 2056 885 2120 constituere,
914 2064 943 2109 et
960 2056 1076 2108 idoneo·

163 2170 223 2205 rnnr
253 2151 376 2206 iocorum
404 2152 646 2205 commodissimam
679 2151 1074 2221 distinctionem-comparare.

160 2246 205 2301 De
228 2247 297 2300 loeis
317 2247 382 2302 satis
403 2246 508 2301 dictum
529 2256 585 2301 est:
617 2262 692 2317 nunc
710 2248 746 2300 ad
766 2247 918 2318 imaginum
941 2247 1075 2302 rationem

161 2350 339 2395 transeamus.
358 2342 494 2410 Quoniam
506 2360 568 2409 ergo
580 2360 667 2423 rerum
678 2342 779 2395 similes
789 2341 986 2413 imaginesesse
997 2359 1077 2413 opor·

161 2445 221 2501 tet,
241 2449 270 2490 et
286 2454 321 2491 ex
335 2437 461 2491 omnibus
476 2436 565 2491 verbis
579 2447 657 2491 notas
672 2437 752 2489 nobis
767 2437 959 2490 similitudines'
976 2438 1076 2505 eligere

162 2530 314 2596 debemus,
333 2531 460 2604 duplices
475 2532 668 2585 similitudines
682 2550 739 2586 ease
750 2531 865 2585 debent:
886 2550 956 2585 unae
970 2550 1074 2595 rerum,

160 2626 265 2679 alterae
278 2626 434 2679 verborum,
471 2628 567 2681 Rerum
580 2618 772 2679 similitudines
787 2627 991 2696 exprimuntur,
1012 2644 1075 2680 curn
1170 2632 1173 2636 '

161 2721 317 2775 summatim
332 2721 450 2792 ipsorum
462 2724 632 2790 negotiosum
645 2722 774 2789 imagines
788 2722 982 2794 comparamus.
1007 2722 1076 2775 Ver·

160 2812 260 2868 borum
283 2815 475 2870 similitudines
494 2816 715 2881 constituuntur,
748 2831 811 2868 cum
833 2817 914 2868 unius
938 2817 1074 2888 cujusque

162 2911 281 2964 nominis
308 2922 338 2964 et
358 2912 486 2965 vocabuli
508 2915 637 2966 memoria
658 2913 772 2980 imagine
794 2923 913 2969 notatur.
935 2942 968 2955 --
989 2943 1021 2956 -
1041 2940 1073 2953 «-

163 3004 263 3070 Nunc,
283 3008 414 3078 quonism
427 3008 498 3061 solet
511 3009 651 3074 accidere,
672 3018 704 3061 ut
718 3009 846 3076 imagines
860 3009 957 3081 partim
970 3008 1073 3073 firmas,

168 3109 195 3153 et
208 3102 243 3153 sd
259 3103 425 3155 monendum
447 3104 562 3157 idoneae
584 3105 653 3168 sint,
681 3105 776 3175 partim
790 3103 942 3158 imbeciltes
959 3113 988 3157 et
1000 3105 1076 3157 infis-

165 3212 241 3259 mae,
268 3214 340 3267 quae
356 3197 402 3249 rix
415 3200 570 3251 memoriam
586 3199 689 3270 possint
704 3200 841 3252 excitare:
868 3217 924 3271 qua
941 3200 977 3253 dc
993 3217 1074 3253 causa

169 3300 316 3361 atrumque
337 3292 400 3355 fiat,
437 3293 662 3346 considerandum
680 3302 736 3356 est,
769 3302 818 3357 ut,
851 3295 958 3362 cognita
975 3310 1074 3358 causa,

164 3400 232 3455 'quas
248 3386 365 3439 vitemus
382 3395 411 3440 et
424 3406 493 3458 quas
513 3406 661 3460 sequamur
681 3388 827 3456 imagines,
847 3390 914 3442 scire
936 3390 1076 3462 possimus.

167 3477 255 3532 Docet
270 3479 352 3548 igitur
367 3500 416 3534 nos
432 3482 489 3552 ipsa
502 3491 616 3546 natura,
645 3484 712 3554 quid
728 3492 854 3553 oporteat
868 3484 941 3552 fieri3
974 3501 1036 3535 nam
1053 3482 1075 3536 si

168 3590 234 3644 quas
257 3592 298 3627 res
322 3578 349 3628 in
369 3578 427 3630 vita
442 3579 564 3631 vfflemus
581 3596 691 3648 parvas,
724 3579 855 3643 usitatas,
875 3580 1074 3650 quotidianas,

167 3685 213 3722 eas
240 3671 394 3725 meminisse
417 3691 473 3725 non
495 3673 627 3725 solemus:
657 3683 799 3743 propterea
826 3674 901 3744 quod
922 3673 1000 3725 nulla
1025 3674 1077 3726 nisi
1146 3685 1152 3696 ·

166 3776 256 3827 nors,
288 3775 339 3818 aut
358 3768 511 3821 admirabili
532 3786 560 3820 re
576 3776 760 3820 commovetur
776 3768 896 3834 animus;
925 3776 954 3820 at
972 3769 1078 3841 siquid

164 3857 308 3920 videmus,
328 3871 378 3913 aut
390 3861 533 3916 audiemus
547 3863 652 3929 egregie
663 3871 758 3932 turpe,
786 3870 835 3914 aut
849 3862 1011 3928 honestum,
1036 3864 1079 3915 in-

166 3952 316 4016 usitatum,
336 3974 478 4023 magnum,
498 3956 675 4021 incredibile,
695 3956 861 4020 ridiculum,
880 3957 973 4011 iddio
985 3960 1079 4011 momi-

167 4045 240 4102 nisse
262 4052 453 4106 consuevimus
505 4054 631 4124 itemque
656 4069 724 4124 quas
744 4069 787 4104 res
809 4061 874 4106 ante
895 4055 1079 4110 ors-ridemus
