2610 4800
604 362 695 509 aaa

147 641 246 686 cansa
267 620 329 684 sui.
370 618 542 684 inridetur
564 619 653 684 enim
676 618 855 685 commodis
873 618 1051 686 hominum
1070 600 1147 709 inso-

145 751 238 802 rum;
274 727 392 789 studiis
422 738 531 790 antem
565 750 679 790 eorum
704 727 824 790 ceteris
853 731 1088 794 commodandi
1108 734 1148 795 fa-

146 847 253 899 vetur.
296 835 549 918 Videndumque
564 835 628 896 hoc
645 835 719 897 loco
736 846 803 913 est,
828 858 881 913 ne,
903 859 989 920 quos
1005 838 1049 900 ob
1063 840 1148 904 bene·

127 938 234 1006 ‘facta
256 943 349 1026 diligi
374 943 537 1019 volemus,
571 965 683 1005 eorum
713 944 843 1006 laudem
870 954 971 1028 atque
998 946 1147 1029 gloriam,

149 1053 203 1114 oui
230 1053 367 1113 maxime
394 1052 534 1114 invideri
562 1051 662 1130 solet,
696 1052 793 1112 nimis
828 1053 942 1115 efferre
972 1054 1147 1117 videamur.

148 1161 258 1243 Atque
286 1160 400 1221 iisdem
426 1159 477 1220 his
505 1181 543 1221 ex
569 1160 651 1220 loeis
674 1169 705 1220 et
733 1159 842 1221 odium
866 1161 900 1219 in
923 1160 1007 1223 alios
1028 1174 1149 1225 struere

150 1268 334 1345 discemus,
357 1279 390 1330 et
412 1290 428 1327 a
450 1268 543 1328 nohis
562 1289 599 1328 ac
620 1267 741 1329 nostris
759 1264 949 1330 demovere:
973 1269 1150 1353 eademqne

145 1376 228 1439 haec
243 1398 361 1460 genera
377 1375 547 1437 tractanda
565 1387 642 1438 sunt
658 1376 692 1436 in
710 1374 879 1438 iracundia
894 1376 947 1439 vel
965 1378 1150 1468 excitanda,

147 1485 201 1548 vel
239 1484 392 1547 sedanda.
443 1485 524 1545 Nam
558 1483 605 1571 si,
644 1485 732 1567 quod
764 1485 868 1567 ipsis,
902 1484 960 1568 qni
993 1486 1150 1565 andiunt,

146 1594 370 1679 perniciosum
389 1603 445 1654 aut
464 1592 581 1654 inutile
603 1593 664 1670 sit,
689 1593 722 1653 id
739 1594 864 1656 factum
883 1614 1019 1677 augeas,
1042 1594 1152 1655 odium

96 1680 99 1684 ¹
147 1715 287 1794 creatur.
310 1738 351 1750 -
370 1700 423 1751 -’-’
457 1703 540 1764 Item
566 1699 666 1761 timor
690 1700 853 1764 incutitur
872 1713 928 1764 aut
948 1723 986 1763 ex
1008 1700 1151 1785 ipsorum

146 1810 325 1895 periculis,
365 1818 423 1871 aut
462 1832 501 1871 ex
539 1810 778 1871 communibus.
830 1809 972 1871 Interior
1012 1821 1065 1873 est
1099 1809 1150 1871 ille

147 1918 320 2002 proprius;
346 1916 474 1981 sedhic
495 1939 635 2007 quoque
647 1916 829 1978 communis
850 1916 889 1978 ad
908 1915 1048 1979 eandem
1064 1915 1151 1979 simi·

140 2024 325 2089 litudinem
346 2037 396 2089 est
414 2024 656 2109 perducendus.
701 2030 749 2104 (c.
767 2027 818 2086 LI.
840 2028 864 2106 §.
889 2027 948 2090 205
968 2030 1084 2109 seqq.)

160 2172 163 2178 -
208 2136 271 2196 Par
290 2142 389 2216 atque
413 2153 478 2191 una
497 2133 581 2193 ratio
605 2142 654 2192 est
672 2132 738 2214 spe'i
750 2177 759 2209 ,
783 2132 946 2210 laetitiae,
969 2133 1149 2197 molestiae:

148 2241 207 2304 sed
236 2240 324 2301 haud
354 2240 473 2318 sciam,
516 2260 558 2299 an
588 2240 766 2301 acerrimus
803 2240 900 2323 longe
929 2241 973 2301 sit
1005 2243 1151 2304 omnium

147 2360 258 2411 motus
289 2348 451 2428 invidiae,
496 2370 557 2410 nec
592 2348 700 2410 minus
728 2349 848 2409 virium
877 2371 958 2433 opus
988 2349 1034 2414 sit
1058 2344 1093 2413 in
1117 2370 1151 2414 ea

149 2457 412 2540 comprimenda,
445 2480 544 2541 qnam
572 2457 606 2517 in
637 2456 818 2519 excitanda.
863 2452 1017 2521 Invident
1045 2470 1151 2523 autem

146 2564 297 2627 homines
326 2566 463 2628 maxime
489 2565 620 2649 paribus
645 2576 701 2626 aut
725 2565 957 2645 inferioribus,
990 2584 1095 2650 quum
1120 2589 1151 2630 se
1189 2582 1191 2603 ¹

147 2672 284 2736 relictos
314 2674 483 2752 sentiunt,
521 2673 594 2734 illos
621 2683 729 2734 autem
761 2673 873 2736 dolent
901 2673 1068 2739 evolasse:
1098 2674 1152 2738 sed

149 2780 247 2843 etiam
267 2781 489 2864 superioribus
510 2780 677 2852 invidetur
696 2801 790 2863 saepe
808 2780 1038 2860 vehementer,
1065 2794 1098 2847 et
1115 2803 1152 2845 eo

147 2889 270 2972 magis,
304 2889 331 2950 si
352 2888 583 2950 intolerantius
606 2911 640 2949 se
657 2885 799 2970 jactant,
834 2898 867 2949 et
886 2889 1154 2971 aequabilitatem

146 2993 229 3083 juris
245 2997 446 3081 praestantia
462 2995 631 3078 dignitatis
646 3005 702 3055 aut
714 2998 865 3058 fortunae
881 3017 957 3058 suae
969 3007 1154 3060 transeunt

148 3140 190 3155 -
210 3142 252 3153 -
294 3108 363 3167 Jam
386 3103 609 3191 misericordia
629 3115 799 3182 movetur,
832 3106 859 3166 si
881 3105 927 3181 is,
959 3104 1015 3186 qui
1039 3094 1153 3183 audit,

148 3212 269 3275 adduci
293 3223 419 3296 potest,
449 3224 487 3275 ut
507 3212 582 3289 illa,
616 3234 698 3295 quae
728 3211 767 3274 de
791 3210 892 3273 altero
920 3211 1155 3295 deplorentur,

148 3319 189 3380 ad
213 3342 287 3382 suas
312 3342 363 3381 res
391 3329 544 3397 revocet,
577 3341 657 3400 quas
687 3330 743 3381 aut
771 3318 885 3397 tulerit
913 3320 1065 3396 acerbas,
1098 3330 1158 3381 ant

147 3426 281 3502 timeat;
320 3435 378 3486 aut
407 3428 539 3488 intuens
572 3425 733 3504 alterum,
771 3424 885 3486 crebro
914 3425 954 3485 ad
984 3448 1017 3487 se
1044 3425 1157 3515 ipsum

147 3545 341 3609 revertatur.
396 3536 464 3611 lta,
507 3553 608 3615 quum
647 3533 767 3616 singuli
806 3554 900 3593 casias
937 3533 1158 3598 humanarum

147 3641 350 3704 miseriarum
365 3643 506 3726 graviter
521 3641 748 3725 accipiuntur,
772 3640 800 3701 si
816 3639 974 3701 dicuntur
989 3643 1156 3721 dolenter,

146 3760 218 3835 tum
237 3750 353 3812 afflicta
378 3761 411 3813 et
436 3760 600 3832 prostrata
627 3750 732 3811 virtus
757 3749 893 3810 maxime
918 3750 1069 3812 luctuosa
1093 3763 1156 3814 est.

145 3862 194 3938 (c.
213 3858 279 3919 Lll.
302 3859 325 3936 S.
343 3878 403 3940 209
420 3862 532 3941 seqq.)
555 3894 594 3905 -
637 3857 697 3918 Illa
723 3866 860 3935 antem„
888 3880 972 3940 qnae
992 3869 1049 3919 aut
1071 3880 1158 3921 con-

139 3965 327 4031 ciliationis
348 3985 445 4025 causa
463 3967 600 4045 leniter,
633 3976 689 4027 aut
708 3966 921 4047 permotionis
941 3966 1156 4030 veliementer

147 4084 306 4161 aguntur,
330 4072 505 4136 contrariis
520 4072 795 4137 commotionibus
814 4074 976 4137 efferenda
993 4085 1089 4156 sunt,
1115 4088 1154 4140 ut
