2610 4800
601 412 687 492 stt»

155 610 226 697 'llis
245 638 304 711 utu
329 628 361 681 et
380 615 599 679 -collocatione
630 629 880 696 argumentorum
904 617 982 681 boet
1014 616 1147 680 breuiter

504 725 625 786 monita
645 724 786 800 babeas).

402 914 522 986 Quintil.
555 915 641 988 (lust.
652 933 690 969 or.
707 915 727 967 1.
741 917 773 970 V.
787 932 812 973 e.
830 884 889 988 sni

106 1068 118 1085 ·
210 1038 303 1103 linco
329 1038 491 1119 breviter,
525 1039 798 1126 quemadmodum
833 1042 877 1102 sit
906 1042 1065 1103 utendum
1092 1040 1144 1104 bis

105 1226 107 1233 Ι
163 1148 262 1221 ΥκιἩο.
283 1169 364 1234 quae
388 1148 434 1210 ed
452 1152 671 1234 probationem
691 1152 868 1233 pertinent)
892 1147 1084 1233 subjungam
1106 1152 1143 1229 ¹³).

166 1256 318 1320 trutinum
339 1260 409 1320 iere
432 1268 503 1336 est,
533 1261 757 1341 Argumentum
780 1273 923 1345 oportere
940 1279 1004 1320 esse
1021 1259 1146 1342 conses-

163 1386 231 1437 ms
259 1364 368 1427 dubiis
385 1366 472 1428 enim
489 1367 619 1450 proburi
637 1365 733 1427 dubia
754 1367 811 1448 qui
833 1366 993 1448 possunt?
1034 1368 1145 1443 Quae-

162 1470 219 1535 teu
237 1482 370 1551 tomen,
404 1496 488 1557 quae
514 1473 547 1535 in
572 1474 705 1537 ulterius
734 1474 780 1536 rei
803 1474 1029 1557 probationem
1049 1472 1145 1533 duci-

113 1604 117 1609 ·
159 1600 236 1655 uos,
256 1578 325 1665 ipsa
341 1582 507 1664 probanda
526 1592 614 1643 sunt.
659 1581 815 1643 Occidisti
831 1583 955 1654 uirum,
976 1602 1045 1642 eras
1059 1584 1143 1642 enim

105 1726 109 1735 ·
158 1687 296 1751 edultere.
336 1690 434 1751 Prius
460 1689 500 1752 de
517 1689 677 1753 adulterio
699 1674 964 1751 convincendum
983 1701 1051 1767 est,
1084 1697 1141 1765 nt,

136 1816 247 1880 .qnnm
271 1796 308 1859 id
333 1798 479 1880 coeperit
506 1819 576 1861 esse
601 1809 793 1881 prouertu,
827 1797 883 1858 frat
904 1796 1024 1859 incerti
1046 1818 1143 1878 argu-

156 1894 300 1968 mentum.
339 1906 503 1989 Spiculum
532 1920 617 1967 tuum
646 1909 680 1967 in
709 1927 840 1991 corpore
865 1908 962 1966 occisi
985 1907 1143 1967 inventum

155 2024 204 2073 este
243 2021 342 2095 negat
369 2036 478 2074 suum:
510 2026 549 2076 ut
570 2014 754 2097 probationi
779 2013 903 2096 prosit,
939 2013 1143 2096 probandum

155 2128 203 2183 ott.
244 2120 333 2183 lttud
346 2120 410 2182 hoc
425 2121 499 2182 loco
514 2144 646 2184 monere
664 2123 750 2183 inter
768 2121 951 2184 necessaria
968 2133 1027 2198 est,
1052 2121 1144 2180 nulla

156 2246 217 2291 esse
237 2228 402 2306 firmiore,
436 2251 536 2310 quam
554 2251 639 2312 quae
663 2252 702 2291 ex
720 2229 827 2290 dubiis
845 2231 1025 2290 factasunt
1043 2239 1142 2290 certa.

153 2334 261 2399 Caedes
281 2360 303 2398 a
329 2352 359 2399 te
382 2341 547 2399 commissa
567 2352 633 2411 est,
664 2354 821 2401 cruentam
844 2340 927 2399 enim
948 2352 1063 2399 uestem
1084 2339 1144 2398 ba·

148 2440 256 2533 'birth
289 2466 355 2506 non
383 2453 432 2507 est
455 2457 520 2507 tam
547 2468 644 2529 grave
669 2457 917 2530 argumentum,
951 2449 979 2507 ai
1000 2450 1142 2524 fatetur,

105 2598 107 2603 -
149 2572 238 2634 quum
254 2551 284 2613 si
303 2552 525 2619 convincitur.
566 2554 648 2617 Num
667 2556 694 2615 si
714 2557 856 2631 fatetur,
879 2555 991 2616 struitis
1008 2578 1046 2617 ex
1064 2578 1143 2616 cau-

105 2656 107 2665 '
148 2658 315 2745 sitpotuit
337 2674 473 2724 cruenta
499 2684 570 2724 esse
591 2663 710 2735 vestis;
752 2664 778 2722 si
802 2672 914 2744 negot,
949 2663 1004 2722 hic
1026 2684 1142 2725 causae

148 2768 307 2831 tudinem
326 2770 436 2851 ponit,
461 2771 494 2830 in
514 2792 579 2852 quo
596 2768 623 2831 si
645 2771 753 2832 victus
773 2773 891 2847 fecerit,
915 2770 1013 2832 etium
1034 2770 1066 2830 in
1088 2793 1141 2832 se-

105 2936 107 2949 ,
149 2877 321 2959 quentibus
340 2877 418 2941 ruit.
461 2879 533 2940 Non
561 2880 648 2940 enim
669 2880 800 2941 videtur
818 2880 851 2939 in
877 2879 1024 2961 negando
1047 2901 1140 2940 men-

105 3006 119 3077 „
148 2984 261 3046 titnrus
279 2987 403 3065 tuisse,
427 2987 491 3049 nisi
514 2988 736 3071 desperasset,
760 2988 793 3048 id
816 3009 911 3071 posse
931 2988 1082 3065 defendi,
1110 2988 1139 3048 si

115 3092 119 3099 '
150 3092 370 3155 eonfiteretur.-

198 3186 408 3264 Firmiisirnis
423 3213 687 3286 argumentorum
704 3204 842 3287 siugulis
859 3203 1066 3280 instandum,
1090 3207 1140 3264 in-

140 3306 281 3393 firmiora
303 3311 525 3393 congreganda
548 3321 641 3372 sunt:
681 3312 756 3395 quia
775 3312 853 3389 itta,
886 3334 945 3395 per
965 3335 999 3374 se
1022 3312 1139 3375 sortia,

150 3436 206 3477 non
233 3429 365 3501 oportet
396 3419 685 3481 circumstantibus
716 3422 911 3496 obscurare,
944 3433 999 3499 ut,
1031 3420 1142 3501 qualia

111 3535 235 3604 ·.snnt,
270 3537 447 3609 appareant
458 3552 466 3600 ;
512 3526 613 3604 hoec,
648 3528 810 3589 imbecilla
844 3541 982 3604 natura,
1024 3540 1139 3590 mutuo

152 3634 261 3696 anxilio
289 3635 505 3698 sustinentur.
557 3638 674 3721 Itaque
698 3637 726 3699 si
753 3658 819 3698 non
844 3645 984 3721 possunt
1010 3618 1140 3723 valere,

153 3797 522 3821 κὴ...-

185 3899 209 3973 *)
228 3904 268 3959 Cf.
288 3906 376 3961 Cicer.
394 3908 437 3960 De
455 3911 511 3961 lnr.
531 3909 550 3962 1.
566 3911 587 3961 1.
604 3925 626 3961 c.
644 3911 686 3962 38.
703 3912 724 3974 §.
742 3910 781 3976 76.
822 3909 940 3960 Veriare
960 3920 1053 3961 autem
1073 3927 1139 3962 ora-

226 4002 328 4055 tionern
341 4021 508 4074 magnopere
525 4005 680 4074 oportebit,·
698 4022 762 4056 nom
776 4002 901 4056 omuibus
920 4005 951 4055 in
965 4004 1046 4054 rebus
1064 4005 1141 4054 simi·

227 4095 317 4148 litttdo
333 4111 375 4150 est
390 4100 531 4151 satietatis
545 4112 639 4153 mntrr.
674 4096 790 4172 ldferi
800 4100 921 4168 poterit.
951 4100 977 4151 si
991 4100 1139 4152 nonsimi-

227 4189 290 4245 litet·
301 4211 407 4266 semper
422 4193 616 4264 ingrediamur
631 4196 662 4248 t‘n
678 4198 955 4264 argumentationem.
1056 4204 1060 4215 '
