2610 4800
619 500 676 581 57

101 726 112 763 r
149 707 234 772 illud
260 725 388 789 genus,
424 702 520 789 cujus
535 660 717 787 exemplum
739 698 879 782 (modo)
901 700 998 789 postu
1008 744 1018 781 ,
1051 699 1151 766 sdfir·

101 836 106 873 ι
148 815 304 879 mstiouis
324 813 428 897 gratia
446 811 634 875 adhibetur:

305 1009 339 1023 ..
375 1006 409 1022 -α
446 981 598 1051 Vocensqus
621 966 667 1033 tts'
687 978 804 1034 uteribus
823 974 908 1033 taust
920 976 953 1051 'l

147 1133 193 1196 At
213 1133 332 1195 vitium
357 1131 437 1208 erit,
467 1108 598 1217 quoties
617 1129 758 1194 otiosum
783 1130 883 1192 suerit
910 1138 944 1193 et
965 1128 1148 1214 supereritg

151 1264 242 1319 non,
274 1254 374 1325 quum
401 1238 583 1325 adjicietur.
633 1240 694 1301 Est
720 1238 838 1313 etiam,
869 1238 1151 1325 quse'srrpsspylo

151 1338 306 1427 vocatur,
336 1370 537 1432 supervacua
558 1354 615 1427 (ut
631 1346 680 1409 sic
703 1344 860 1423 dixerim)
873 1347 1082 1430 operositas,
1111 1350 1150 1407 ut

150 1480 169 1518 a
184 1456 331 1539 diligenti
347 1455 498 1519 curiosus
516 1464 578 1517 eta
594 1455 752 1537 religione
769 1454 959 1538 superstitio
977 1453 1087 1517 distat.
1109 1486 1149 1501 -·
1219 1528 1222 1535 ¹

148 1565 301 1627 Totidem
324 1573 433 1626 autem
461 1563 634 1645 generibus
659 1562 882 1645 corrumpitur
905 1561 1034 1641 oratio,
1066 1567 1150 1645 quot

149 1685 296 1735 ornatur.
320 1670 362 1719 -'
381 1707 422 1719 —
442 1701 486 1716 -

214 1798 364 1839 osasruss
391 1785 460 1850 est,
499 1775 588 1858 qnod
618 1772 792 1858 perspicuo
824 1796 863 1839 ac
888 1776 1046 1859 probabili
1075 1776 1150 1861 plus

152 1895 214 1947 est.
256 1883 335 1966 Ejus
360 1883 457 1967 primi
482 1892 558 1944 sunt
582 1883 697 1966 gradus
719 1885 751 1945 in
772 1906 831 1961 eo,
862 1883 1067 1967 quodvelis,
1097 1905 1153 1947 ex·

152 1988 639 2076 primendoconcipiendoque;
665 1992 795 2068 tertius,
819 1993 876 2075 qui
897 1991 977 2054 baec
996 1991 1152 2055 nitidiore

149 2099 265 2177 faciat,
289 2098 379 2182 quod
402 2098 534 2183 proprie
553 2099 682 2161 dixeris
694 2102 810 2207 cultunp
830 2102 884 2179 n).
927 2103 1043 2185 ltaque
1061 2100 1152 2186 irdp·

148 2229 264 2291 gesna,
302 2205 395 2293 cujus
422 2206 455 2267 in
483 2208 663 2291 praeceptio
693 2209 891 2270 narrationis
916 2209 980 2271 feci
1009 2210 1151 2271 mentio·

151 2336 226 2376 nem
241 2306 321 2393 *'**),
345 2316 422 2399 quia
439 2316 511 2399 plus
527 2325 576 2379 eat
592 2316 774 2394 evidentia,
799 2317 867 2396 rel,
891 2328 928 2379 ut
947 2317 1002 2377 alii
1019 2315 1148 2395 dicunt,

149 2424 561 2507 repraesentatio,'quam
590 2425 829 2507 perspicuitas,
866 2434 899 2487 et
928 2424 1009 2486 illud
1036 2432 1147 2507 patet,

150 2530 444 2614 baecsequodam
468 2532 564 2593 modo
585 2532 750 2608 ostendit,
783 2533 869 2594 inter
887 2543 1076 2594 ornamsnts
1094 2554 1153 2614 po-
1262 2530 1268 2539 ¹

151 2659 275 2698 namus.
319 2623 433 2721 Magna
450 2641 555 2700 virtus
576 2648 645 2714 est,
668 2661 738 2714 res,
769 2639 808 2700 de
827 2640 946 2722 quibua
965 2639 1151 2723 loquimur,

154 2745 383 2826 clare-atque,
415 2758 450 2807 ut
478 2747 568 2808 cerari
601 2746 795 2821 rideantur,
835 2747 1016 2808 enuntiare.
1065 2746 1151 2823 sed,

154 2853 311 2936 quoniam
325 2853 473 2934 pluribus
492 2855 595 2914 modis
617 2856 719 2937 accipi
739 2854 841 2930 solet,
866 2876 931 2915 non
949 2855 1100 2937 equidem
1117 2855 1150 2916 in

153 2980 265 3022 ornnes
288 2981 357 3022 eam
386 2958 562 3043 particulas
595 2962 732 3037 secabo,
766 2983 905 3043 quarum
933 2960 1105 3023 ambitiose
1134 2983 1153 3020 a

154 3066 349 3150 quibusdam
368 3089 522 3129 numerus
540 3059 696 3150 angelum
730 3069 788 3130 sed
804 3070 939 3130 maxime
954 3068 1152 3131 necessarias

141 3176 318 3257 ¹attingam.
361 3177 420 3237 Est
447 3175 547 3258 igitur
575 3194 678 3236 sanum
706 3196 829 3258 genus,
863 3196 930 3257 quo
953 3184 1021 3237 tota
1043 3196 1152 3236 rerum

153 3287 257 3365 imago
277 3283 416 3365 quedam
434 3276 529 3343 modo
547 3283 662 3345 verbis
675 3282 879 3367 depingitur:

257 3402 440 3469 constitistis
463 3415 565 3485 digitos
587 3417 723 3487 extemplo
745 3429 873 3469 umectus
895 3428 1011 3491 uterque
1027 3414 1109 3485 1Μ’),

155 3566 190 3620 et
206 3568 333 3637 cetera,
368 3542 451 3643 quae
472 3560 566 3623 nobis·
592 3559 682 3621 illam
699 3561 846 3646 pugilum
868 3524 1152 3655 congredientium

156 3704 508 3719 m

190 3779 215 3850 ¹⁹)
244 3782 318 3849 Virg.
342 3783 410 3835 stan.
435 3782 479 3836 lV.
505 3784 565 3854 359.

180 3873 219 3944 ⁸)
248 3875 286 3928 td
300 3874 374 3928 huuc
388 3876 492 3943 locum,
512 3879 561 3950 qui
576 3888 720 3963 corruptus
734 3877 821 3935 rideri
838 3878 937 3953 possit,
955 3880 990 3937 el'.
1008 3878 1100 3953 Spald.
1120 3879 1149 3933 in

246 3971 312 4026 edit.
333 3971 449 4042 Quintil.

164 4063 220 4134 m)
244 4065 326 4118 ΕΗ.-
347 4066 393 4119 tv.
415 4084 438 4121 c.
461 4086 486 4122 s.
507 4071 528 4135 §.
551 4070 602 4122 63!

132 4156 223 4228 ,Ἣ
245 4161 319 4230 Virg.
340 4162 416 4214 tlon.¹
429 4160 449 4215 l.
469 4162 503 4216 V.
522 4180 547 4217 r.
569 4162 630 4232 tas.
