2610 4800
522 527 527 537 ⁴
614 430 698 506 sss

154 624 234 710 qnid
251 624 334 687 mali,
350 624 392 686 sit
413 634 626 702 eventurum,
660 624 965 687 demonstrabimus.
1008 628 1135 706 Quartus

153 730 246 796 locos
265 744 331 810 est,
364 753 536 814 perquem
557 732 839 810 demonstramus,
870 735 993 796 multos
1017 735 1134 799 alacrcir

152 854 334 925 exspectare
340 885 352 912 ,
376 838 456 922 quid
475 849 656 918 statuatur,
680 849 717 900 ut
734 861 772 901 ex
791 861 829 902 eo
840 885 851 917 ‚
884 841 974 923 qood
996 843 1053 903 uni
1070 864 1133 906 cou-

154 970 282 1010 cessum
306 947 370 1025 sit,
391 947 469 1036 xsibi
494 928 626 1030 quoque
650 948 773 1033 talide
793 971 827 1011 re
852 949 932 1032 qnid
959 951 1070 1027 liceat,
1094 951 1132 1022 iu·

152 1055 300 1137 telligere
311 1055 453 1138 possint.
486 1056 641 1134 'Quintus
660 1056 753 1118 locus
771 1067 831 1128 est,
855 1080 915 1140 per
931 1080 1029 1141 quem
1045 1069 1130 1121 osten·

153 1161 280 1241 dimus,
313 1173 456 1225 caeteras
473 1186 524 1225 res
549 1186 715 1247 perperam
735 1166 953 1243 constitutas,
983 1147 1131 1229 intellecti

150 1273 303 1343 veritate,
335 1282 551 1332 commutatas
576 1270 692 1354 corrigi
713 1292 828 1354 posse:
862 1271 949 1334 banc
971 1296 1041 1335 esse
1061 1295 1131 1350 rem,

153 1369 295 1462 qnae‚-si
312 1370 354 1441 sit
372 1379 470 1440 semel
489 1376 653 1460 judicata,
679 1401 785 1462 neque
807 1380 872 1440 aiio
893 1381 1081 1443 commutari
1096 1378 1133 1463 ju·

151 1485 261 1564 dicio,
295 1508 402 1568 neque
435 1485 501 1546 ulla
529 1496 691 1569 potestate
724 1487 841 1569 corrigi
870 1489 984 1570 possit.
1035 1490 1131 1557 Sextus

89 1614 92 1619 ’
150 1594 242 1658 locus
262 1604 332 1670 est,
355 1614 526 1676 perquem
545 1594 687 1654 consulto
698 1640 710 1667 ,
743 1594 830 1657 etde
849 1594 1011 1656 industria
1028 1596 1132 1656 facturn

150 1724 221 1766 esse
243 1702 507 1778 demonstratur,
545 1712 578 1789 et
601 1701 685 1762 illud
705 1698 908 1784 adjungitur,
943 1705 1131 1766 Vororrrraro

148 1808 310 1872 maleficio
326 1808 454 1898 reniam
469 1807 538 1869 dari
554 1830 619 1869 non
635 1820 800 1892 oportere:
824 1809 1060 1892 imprudentiae
1073 1829 1132 1870 cou-

149 1918 241 1995 ccdi,
271 1938 517 1998 nonnumquam
538 1915 724 1978 convenire.
778 1918 942 2000 Septimus
962 1917 1056 1978 locus
1076 1925 1132 1994 est,

146 2046 322 2110 perquem
342 2023 569 2104 indignamur,
595 2023 683 2107 quod
703 2033 863 2103 taetrum,
887 2024 1040 2102 crudele,
1063 2026 1133 2086 nefa·

147 2134 254 2208 rium,
275 2134 473 2212 tyrannicum
494 2135 618 2222 factum
636 2153 706 2194 esse
726 2132 884 2210 dicamus,
907 2134 1068 2215 pervim,
1088 2151 1134 2216 per

147 2265 279 2303 manum
300 2242 507 2323 opulentam,
531 2262 682 2322 quaeres
699 2241 738 2302 ab
751 2240 895 2324 legibus,
920 2251 953 2303 et
973 2241 1013 2302 ab
1030 2263 1134 2324 aeque·

146 2349 206 2411 hili
222 2346 293 2431 jure
309 2327 526 2408 remotissima
541 2349 593 2408 sit.
638 2349 784 2410 Octavus
800 2348 894 2411 locus
913 2359 964 2413 est
978 2371 1037 2432 per
1052 2368 1135 2432 quern

147 2452 427 2530 demonstramus,
461 2477 526 2516 non
544 2457 694 2537 vulgare,
724 2477 832 2538 neque
852 2457 1041 2518 factitatum
1061 2476 1134 2532 esre,

148 2587 189 2628 ne
205 2556 488 2626 ah'audacissimis
508 2564 639 2646 quidem
655 2564 867 2641 bominibus,
890 2564 923 2625 id
939 2565 1133 2638 maleficium,

147 2652 272 2757 dequo
291 2672 416 2754 ogi—tur,
438 2682 537 2754 atque
555 2672 590 2733 id
606 2694 623 2731 a
641 2671 1091 2759 ferisquoquc‘hominibom
1109 2677 1135 2732 et

66 2774 69 2779 ’
146 2803 165 2840 a
188 2781 331 2843 barbaris
350 2782 526 2863 gentibus,
564 2791 597 2842 et
624 2780 817 2841 immanibus
844 2779 959 2861 bestiis
988 2791 1135 2842 remotum

147 2870 229 2952 csse.
267 2890 354 2950 Haec
375 2899 491 2966 eruut,
516 2887 653 2971 quaein
672 2886 842 2971 parentes„
864 2888 1010 2966 liberos,
1034 2885 1133 2968 conju·

146 3017 221 3078 geo,
252 2996 512 3078 consanguineos
526 3042 550 3071 ,.
569 2995 756 3079 supplices,
790 2995 969 3066 crudeliter
986 2998 1072 3058 facta
1092 2992 1132 3054 di·

56 3142 59 3151 =
147 3113 292 3170 centur:
329 3116 362 3166 ct
389 3103 543 3185 deinceps
573 3103 600 3163 si
627 3125 691 3185 qua
716 3103 979 3186 proferanturin
1012 3099 1129 3185 majores

146 3221 247 3289 natu,
276 3189 510 3294 inhospites,
546 3210 579 3271 in
599 3198 753 3289 viciuosJ
781 3210 978 3290 inemicos,
1014 3211 1047 3271 in
1069 3226 1128 3281 eos,

147 3305 345 3403 quibuscum
362 3320 463 3381 vitam
483 3318 605 3402 egeris,
630 3319 663 3378 in
685 3339 760 3395 eos,
784 3317 872 3401 apud
887 3340 971 3400 quos
991 3317 1129 3382 educatos

134 3427 210 3504 sis,
234 3427 362 3502 ineos,
386 3450 402 3487 a
423 3427 542 3508 quibus
561 3425 729 3498 eruditus;
755 3425 789 3485 in
808 3433 974 3502 mortuos,
1000 3424 1034 3487 in
1050 3423 1129 3483 mise·

145 3553 220 3610 ros,
244 3543 277 3602 et
298 3532 522 3595 misericordia
540 3533 686 3616 dignos,-·
698 3513 732 3592 in
750 3531 899 3595 homines
917 3518 1037 3610 claros,
1059 3523 1129 3591 nobi·

146 3639 212 3718 lca,
235 3651 268 3711 et
288 3642 413 3703 honore
430 3662 518 3717 usos,
543 3641 577 3701 iu
598 3662 665 3717 eos,
689 3640 747 3723 qni
764 3661 873 3722 neque
889 3634 1020 3703 laedere
1035 3639 1129 3710 aliun,

147 3770 210 3812 noc
234 3770 268 3810 se
298 3749 471 3812 defendere
500 3759 701 3832 potuerunt,
734 3758 772 3809 ut
800 3747 834 3809 iu
858 3769 1000 3830 pueros,
1032 3762 1129 3817 senes,

148 3855 319 3919 mulieres:
344 3857 463 3939 quibus
482 3856 633 3917 omnibus
655 3852 775 3916 acriter
794 3854 935 3917 excitata
953 3851 1128 3938 indignatio,

149 3985 310 4029 summum
332 3965 474 4038 iocum,
499 3964 557 4048 qui
576 3963 707 4024 violarit
728 3963 845 4024 horum
867 3963 1016 4046 aliquid,
1039 3960 1129 4024 odium

149 4090 353 4135 commorere
385 4072 516 4157 poterit.
563 4073 676 4134 Nonus
704 4071 799 4133 locus
827 4081 916 4151 est,·
943 4091 1004 4157 per
1030 4086 1126 4155 quemr
