2610 4800
143 634 228 718 'quid
246 642 359 718 agatur
376 632 563 718 prooemio,
597 653 682 716 quae
697 630 781 692 retlo
800 641 834 693 et
855 649 952 719 quam
967 630 1059 691 varia
1074 653 1142 692 nar·

147 743 257 817 randi,
296 764 386 824 quaev
407 721 457 802 ris
479 740 641 824 probandi
665 761 704 802 ae
729 738 918 817 refellendi,
962 750 1086 822 quanta
1112 738 1165 801 iu¹

146 848 317 911 affectibus
334 847 440 911 omnis
456 847 585 932 generis
602 847 774 910 movendis
792 846 951 926 scientia,
982 869 1148 930 quamque
1193 832 1196 837 Ι

144 957 217 1018 laus
236 957 302 1039 ipsa
320 934 486 1039 popularis
505 956 659 1019 utilitatis
676 956 785 1039 gratia·
795 965 954 1016 assumta:
977 976 1063 1038 quae
1080 964 1149 1016 tum
1183 962 1196 989 '

64 1111 68 1123 .
148 1075 198 1126 est
217 1063 460 1145 pulcherrima,
492 1085 569 1125 eum
590 1063 759 1146 sequitur,
786 1059 984 1145 non'quum
1010 1062 1152 1124 arcessi·

80 1150 83 1170 ¹
146 1180 211 1232 tur.
259 1173 345 1233 Haec
380 1171 406 1231 si
438 1170 695 1254 perviderimus,
736 1181 910 1232 tumuere
939 1171 1152 1234 imitabimur.

146 1277 213 1356 Qui
241 1260 320 1339 vero
346 1258 602 1361 etiamspropria
624 1277 676 1339 his
701 1279 785 1338 bona
811 1276 987 1362 adjecerit,
1018 1289 1056 1339 ut
1074 1300 1155 1361 sup·

51 1448 54 1453 ,
147 1385 254 1468 pleat,
279 1407 361 1467 quae
383 1385 536 1462 deerant,
571 1385 806 1462 circumcidat,
821 1373 866 1446 'si
887 1385 967 1466 quid
984 1383 1155 1459 redunda-

60 1545 61 1549 ,
146 1495 207 1570 bit,
230 1493 349 1567 isnerit,
373 1515 471 1574 quem
490 1493 879 1576 quaerimus,·pe‘rfectus
897 1501 1025 1552 orator:
1052 1514 1152 1575 quem

46 1579 48 1585 .
148 1622 237 1662 nunc
262 1600 482 1661 consummari
501 1599 709 1683 potissimum
734 1609 900 1682 oporteat,
933 1622 1035 1682 quum
1056 1610 1153 1663 tauto

40 1781 43 1791 1
145 1707 241 1792 plura
271 1707 419 1789 exempla
445 1709 528 1770 bene
557 1696 689 1770 dicendi
712 1688 900 1789 supersint,
933 1730 1030 1790 quam
1061 1707 1153 1785 illis,
1178 1755 1186 1762 „

148 1816 206 1897 qui
228 1815 334 1876 adhuc
354 1816 471 1876 summi
491 1827 592 1894 sunt,
623 1815 842 1898 contigerunt.
884 1816 965 1876 Nam
986 1814 1153 1877 erithace

148 1944 280 2004 quoque
309 1922 380 1982 laus
408 1945 543 2002 eorum,
576 1931 614 1983 ut
629 1922 756 2007 priores
774 1945 965 2007 superasse,
998 1931 1153 2007 posteros

26 2092 30 2105 ,
133 2028 483 2095 ’ἀοουίεεόάἰοειηῐυῃ
751 2034 757 2040 ’
1005 2029 1006 2034 ’

459 2301 999 2380 cururv.‘·

337 2457 392 2516 Dc
425 2455 681 2536 cogitatione
713 2468 750 2518 et
776 2454 955 2539 judicio.
1007 2503 1012 2508 .

440 2661 443 2666 ’
538 2690 542 2695 ·
591 2674 707 2752 §.tt

507 2805 555 2866 De
578 2805 786 2890 cogitatione.

440 2989 633 3056 Quintilianus
668 2989 706 3060 (l.
722 2991 754 3044 Χ.
777 3006 799 3043 c.
817 2989 862 3059 6.)
898 2970 932 3051 i,

209 3105 358 3172 Proxima
379 3108 454 3168 stilo
473 3112 620 3190 cogitatio
642 3118 710 3187 est,
743 3131 826 3191 quae
854 3119 886 3172 et
909 3105 978 3193 ipsa
1000 3111 1088 3173 vires
1111 3113 1151 3174 ab

148 3212 211 3275 hoo
234 3214 375 3296 accipit,
400 3227 514 3298 estque
534 3218 619 3278 inter
640 3218 802 3279 scribendi
821 3218 964 3279 laborem
982 3229 1150 3301 extempo-

148 3322 318 3404 ralemque
335 3323 499 3384 fortunam
517 3324 622 3386 media
643 3325 801 3408 quaedam
817 3338 848 3387 et
865 3325 989 3403 neseio,
1011 3349 1053 3385 an
1069 3347 1150 3386 usus

44 3508 50 3519 ,
148 3431 417 3511 frequentissimi.
460 3433 540 3491 Nam
558 3433 700 3494 scribere
718 3449 779 3494 nec
798 3433 922 3516 ubique
942 3457 1001 3496 nec
1014 3429 1152 3516 xsemper

59 3586 62 3594 .
147 3557 341 3617 possumus:
365 3539 555 3621 cogitationi
574 3541 728 3629 temporis
752 3562 789 3601 ac
810 3540 875 3602 loci
893 3541 1068 3623 plurimum
1090 3553 1150 3603 est.

147 3643 234 3705 Haec
266 3646 379 3728 paucis
415 3646 587 3708 admodum
619 3648 708 3709 horis
739 3669 869 3730 magnas
904 3650 1000 3709 etiam
1033 3657 1151 3710 causas

134 3752 388 3834 complectitur.
431 3745 534 3833 Haec,
560 3756 688 3839 quoties
708 3755 914 3818 intermissus
933 3765 982 3818 est
1001 3766 1149 3833 somnus,

148 3856 226 3939 ipsis
257 3863 364 3922 noctis
395 3862 538 3924 tenebris
562 3863 740 3946 adjuvatur.
792 3866 878 3925 llaec
911 3863 996 3925 inter
1024 3864 1165 3924 medios·

103 3992 105 4001 .
148 3989 255 4027 rerum
274 3982 366 4031 actus
386 3972 511 4053 aliquid
534 3972 660 4033 invenit
675 3973 791 4049 vacui,
813 3996 874 4034 nec
893 3973 998 4033 otium
1014 3972 1151 4054 patitur.

119 4069 123 4077 ’
146 4076 260 4158 Neque
280 4099 357 4138 vero
376 4101 485 4140 rerum
510 4080 657 4141 ordinem
681 4080 794 4159 modo,
828 4081 916 4164 quod
942 4081 1048 4163 ipsum
1068 4081 1150 4143 satis
