2610 4800
1024 404 1028 413 -
1168 304 1172 459 ι

1164 478 1172 549 i

155 623 354 707 ἰωριίοιιιιί,
376 619 511 684 mesticis
530 604 721 684 intervallis.-
742 621 930 703 imaginibus
949 632 1050 685 autem
1066 598 1139 703 ιςίιιι
1170 608 1172 621 '

164 734 246 796 tibus
255 777 268 806 ,
298 732 443 803 acribus,
465 732 652 811 insignitis,
661 752 740 816 quae
760 751 942 801 occurrere,
965 722 1172 816 celeriterque

159 855 324 930 percutere
338 843 475 903 oninium
488 842 619 924 possent.
641 832 737 918 Quo
751 838 851 920 magis
866 838 977 915 miror,
998 838 1143 920 'quomodo

57 1012 76 1021 ,,
164 948 406 1011 Metrodorus
398 968 431 1007 m
447 928 528 1008 ΧΠ.
553 947 675 1029 signis,
710 968 768 1030 per
787 966 868 1028 quae
886 945 941 1006 Sol
960 954 1063 1015 meat
1093 956 1144 1008 tre·

166 1077 267 1118 eenos
285 1067 318 1118 et
334 1076 509 1137 sexagenos
527 1055 691 1117 invenerit
710 1054 811 1117 locos
853 1053 993 1133 Vanitus
1009 1053 1144 1113 nimimte

63 1183 67 1187 ’
164 1163 229 1226 fuit
246 1174 343 1245 atque
361 1161 494 1246 jactatio
521 1140 609 1224 circa
628 1163 815 1223 memoriam
840 1183 930 1223 suam
948 1160 1057 1245 potius
1074 1171 1163 1235 arte,-

164 1292 261 1356 quam
265 1270 409 1331 natura
431 1263 611 1352 gloriantis.
653 1269 813 1352 Equidem
834 1270 915 1333 haee
944 1270 985 1331 ed
1006 1269 1154 1353 quaedam

164 1378 320 1464 prodesse
340 1400 407 1439 non
431 1379 634 1461 negaverim,
657 1388 695 1438 ut
715 1378 743 1440 si
763 1394 873 1443 rerum
892 1378 1023 1439 nomina
1041 1377 1143 1455 mults,

165 1486 391 1574 perordinem
415 1486 546 1564 audita,
580 1484 743 1548 reddenda
770 1485 845 1547 sint.
888 1485 1059 1569 Namque
1050 1508 1082 1546 ιιι
1097 1485 1142 1575 iis,

75 1584 82 1603 ¹
163 1616 248 1680 quae
275 1593 488 1672 didicerunt,
518 1594 601 1655 locis
633 1603 763 1677 ponunt
794 1586 972 1671 resilias,
1008 1609 1142 1669 mensam,

166 1714 205 1766 ut
221 1702 285 1787 hep
310 1713 400 1779 utar,
431 1703 466 1763 in
488 1704 642 1766 vestibulo
654 1748 668 1776 ,
685 1711 732 1764 ’et
753 1703 917 1787 pulvinum
939 1704 973 1763 in
997 1704 1097 1773 atrio,
1119 1706 1144 1762 et

92 1824 95 1829 “
165 1810 216 1874 'sie
242 1821 366 1872 cetera:
399 1809 517 1872 deinde
538 1794 720 1893 relegentes¹
743 1808 941 1886 inveniunt,
971 1810 1028 1873 ubi
1047 1828 1144 1893 posue·

90 1952 94 1969 ι
147 1919 246 2009 ᾅιιι.
295 1918 339 1979 Et
368 1918 514 1979 forsitan·
536 1916 598 1987 hoe
634 1929 713 1980 sunt
749 1916 870 1999 adjuti,
905 1917 980 2000 qui,
1004 1918 1172 1982 „auctione

169 2026 334 2105 dimissa,'
354 2023 434 2109 quid
458 2026 577 2106 cuique
606 2025 848 2117 vendidissent,
886 2026 1026 2087 testibus
1051 2044 1146 2107 argen-

168 2134 328 2199 tariorum
345 2133 465 2194 tabulis
484 2133 708 2199 reddiderunt.
748 2130 849 2212 Quod
866 2134 1067 2216 praestitisse
1083 2135 1146 2194 lion
1169 2150 1172 2177 ι

77 2312 81 2329 ¹
164 2239 313 2331 tensium
322 2241 493 2320 *)dicunt.
522 2242 630 2302 Μιιιιιι
649 2241 734 2302 idem
751 2240 922 2324 proderat
914 2265 946 2302 ιιι
969 2239 1172 2345 ειιίιοιιιιιίι,ΙΙΙ

169 2371 253 2432 quae
277 2349 434 2409 orationis
457 2358 639 2431 perpetuae
654 2358 760 2410 erunt.
802 2351 883 2410 Nam
903 2360 937 2412 et
963 2371 1077 2419 sensus
1096 2358 1172 2409 no!

168 2456 340 2520 eandem
331 2457 503 2538 imaginem
530 2479 626 2539 quam
651 2479 703 2518 res
726 2457 866 2534 hahent,
899 2480 1000 2540 quum
1028 2459 1172 2521 alterum

165 2563 357 2652 ,fingendum
377 2564 435 2626 sit
468 2573 500 2648 et
522 2563 650 2661 horum'·
657 2573 763 2626 tamen
788 2576 960 2659 uteunque
982 2570 1153 2627 commonet

168 2670 282 2733 iocus:
314 2671 371 2733 sed
399 2657 556 2752 sermonis
583 2671 722 2756 alicujus
749 2672 852 2735 habiti
884 2668 1059 2753 verborum
1087 2668 1155 2735 eou·'

169 2787 278 2842 textus
299 2778 412 2842 eadem
436 2787 505 2839 arte
526 2779 687 2861 quomodo
709 2779 1024 2869 comprehendetur?
1054 2780 1156 2852 Mitto,

169 2885 257 2970 quod
284 2872 440 2968 duaedam
465 2884 566 2954 nullis
590 2885 774 2953 simulacris
804 2887 981 2969 significari
1006 2894 1158 2972 possunt,

170 3003 209 3056 ut
240 3005 329 3056 certe
360 2987 621 3078 conjunctiones.
672 2974 853 3057 Habeamus
886 2996 973 3058 enim
999 3017 1099 3074 sane,
1127 3001 1162 3056 ιιι

170 3099 227 3184 qui
247 3101 333 3162 notis
353 3101 524 3178 scribunt,
550 3114 654 3165 certes
677 3100 832 3186 imagines
845 3105 1020 3182 omnium,
1044 3078 1079 3166 et
1096 3104 1163 3183 ioca

171 3209 300 3272 scilicet
316 3209 469 3286 infinita,
493 3231 550 3294 per
570 3234 653 3295 quae
672 3213 791 3290 verba,
812 3221 896 3294 quot
915 3223 994 3274 sunt
1015 3212 1050 3274 in
1075 3211 1165 3295 quin·

171 3337 236 3401 qne
261 3327 375 3378 eontra
400 3318 536 3380 Verrem
564 3319 726 3381 'secundae
750 3318 892 3381 aetionis
916 3318 1032 3398 libris,
1058 3317 1167 3401 expli-

171 3434 310 3501 centur,
342 3435 380 3486 ut
398 3425 641 3488 meminerimus
666 3426 763 3490 etiam
786 3427 932 3489 omnium
952 3426 1049 3509 quasi
1069 3426 1169 3508 depo-

170 3532 461 3615 sitorumsnonne
480 3533 631 3617 impediri
655 3534 787 3617 quidem
806 3556 938 3611 eorum,
961 3556 1045 3617 qnae
1064 3533 1167 3611 dicit,

172 3649 346 3713 decursum
371 3672 504 3713 necesse
529 3664 580 3715 eet
603 3651 728 3736 duplici
747 3652 921 3715 memoriae
946 3653 1047 3715 cute?
1087 3654 1169 3715 Nam

174 3813 517 3830 ——-————
588 3808 590 3813 ’

174 3910 177 3915 ’
205 3899 235 3972 ,*)
259 3902 336 3954 Hane
351 3903 385 3955 de
399 3901 543 3954 Hortensio
557 3875 737 3955 narrationem
751 3901 823 3970 legas
840 3921 881 3974 ap.
895 3902 1025 3956 Senecam
1039 3900 1169 3974 (Patrem)

258 3997 288 4049 in
310 3998 425 4050 Praefat.
462 4000 635 4051 Controvers.
660 3997 707 4051 ubi
731 3999 863 4052 Latronis
885 4016 999 4072 quoque
1021 4000 1167 4053 memoriae

257 4091 374 4146 felicitas
389 4093 482 4146 multis
499 4094 636 4146 laudatur.
713 4146 716 4151 ,
