2610 4800
619 451 699 530 21¹

156 635 375 749 ὥπῶρχουσιτ
403 653 503 726 εὐθὺς
529 649 629 715 οίσαι
656 657 828 715 τοιαῦται.
869 652 960 736 Λέγω
987 652 1025 716 δέ
1053 654 1163 730 ἁπλῆν

158 759 223 845 μὶν
242 760 384 845 πρᾶξιν,
415 760 450 834 ἧς
468 759 660 842 γενομένης,
690 759 791 844 ὥςπερ
811 760 974 846 ὥρισται,
1004 766 1163 847 συνεχοῦς

159 868 223 959 ειαί
247 873 342 951 μιᾶς,
374 870 453 932 ἄνευ
474 868 685 950 περιπετείας
712 868 731 940 ἦ
756 869 1008 953 ἀναγνωρισμοῦ
1026 871 1044 940 εἰ
1065 872 1164 950 μετά·

160 958 263 1059 βασις
283 977 454 1060 γίγνεται·
482 976 709 1058 πεπλεγμένην
729 976 784 1052 δέ,
807 977 840 1050 tt
859 974 893 1050 ἧς
917 976 1004 1060 μεταί
1021 978 1169 1063 ἀναγνω-Ι

148 1085 279 1168 ιρίσεως
312 1083 332 1156 ἢ
364 1086 580 1167 περιπετείας
607 1084 627 1154 ἢ
656 1083 785 1165 ἀμφοῖν
812 1085 830 1155 η
865 1084 1049 1166 μετάβασίς
1076 1086 1163 1146 ἐστι.

159 1194 287 1259 Ταῦτα
307 1191 343 1253 δὲ
366 1186 418 1252 δεῖ
434 1193 595 1273 γενέσθαι
620 1192 654 1266 ἐξ
681 1193 783 1265 αὐτῆς
802 1194 861 1264 τῆς
880 1192 1076 1266 συστάσεως
1101 1193 1163 1253 τοῦ

162 1299 294 1380 μύθου,
325 1299 403 1372 ὥςτε
429 1301 464 1360 ἐκ
482 1305 549 1362 τῶν
567 1300 851 1383 προγεγενημένων
870 1300 1067 1380 συμβαίνειν
1088 1299 1108 1373 ἢ
1128 1300 1163 1374 te

162 1407 308 1488 ἀνάγκης
330 1405 462 1479 ἢκατοί
477 1406 518 1466 τὸ
543 1408 628 1480 εἰκὸς
650 1407 828 1488 γίγνεσθαι
845 1412 967 1469 ταῦτα.
1010 1405 1163 1490 διαφέρει

162 1515 227 1597 γὰρ
251 1514 356 1589 πολύ,
384 1515 564 1596 γίγνεσθαι
588 1513 674 1573 τάδε
702 1511 761 1573 διαί
781 1513 884 1590 τάδε,
917 1515 937 1587 ἦ
958 1513 1045 1596 μεεοί
1065 1515 1166 1575 τάδε.

164 1625 216 1699 ίθ·
235 1622 300 1698 X·)
1096 1642 1099 1647 “

157 1858 173 1887 .
318 1810 344 1864 6.
379 1811 421 1864 De
437 1811 593 1881 μεείμιιία,
613 1810 758 1881 agnitione
776 1822 803 1862 et
818 1811 1003 1881 μενρειιίοαε.

163 2010 166 2015 ,
218 1935 388 2001 Ἔστι,δί
412 1938 610 2021 περιπέτεια
635 1936 694 2018 μὲν
721 1937 739 2008 ἡ
767 1939 813 2013 εἰς
841 1937 881 1997 τὸ
913 1936 1067 2001 ἐναντίον
1095 1940 1162 2000 τῶν
1222 1972 1225 1979 ·

145 2045 404 2129 Ιπραττομένων
424 2044 590 2126 μεταβολή
603 2046 788 2128 ,καθάπερ
806 2044 951 2128 είρηται,
981 2045 1039 2105 καὶ
1057 2054 1162 2107 τοῦτο

164 2150 219 2227 δέ,
241 2151 343 2234 ὥςπερ
361 2151 622 2233 λέγομεν,”κατοί
638 2156 679 2212 τὸ
697 2152 782 2225 εἰκὸς
800 2153 1037 2234 ἢ·ἀναγκαῐον,
1061 2155 1162 2235 ὥςπερ

162 2260 200 2324 έν
223 2258 407 2333 Οἰδίποδι,
439 2260 546 2322 ἐλθὼν
574 2261 613 2332 ὥς
639 2261 809 2341 εὐφρανῶν
834 2263 897 2321 τὸν
917 2261 1081 2325 Οἰδίπουν
1106 2263 1164 2321 καί

161 2367 368 2441 ἀπαλλάξων
391 2371 453 2428 τοῦ
477 2368 557 2450 πρὸς
581 2367 644 2438 τὴν
677 2367 800 2450 μητέρα
831 2368 959 2448 φόβου,
993 2370 1163 2443 δηλώσας,

162 2473 262 2547 ὅστις
278 2475 335 2548 ἦν,
357 2476 559 2538 τούναντίον
578 2475 725 2548 ἐποίησε·
748 2475 805 2534 καὶ
822 2476 855 2538 έν
874 2479 921 2557 τῷ
937 2479 1058 2558 Λυγκεῖ
1077 2477 1121 2554 *)‚
1143 2476 1162 2536 ὁ

161 2584 223 2667 μὲν
239 2583 397 2663 ἀγόμενος
415 2585 453 2652 ὥς
469 2583 761 2664 ἀποθανούμενος,
786 2584 803 2642 ὁ
823 2580 859 2643 δὲ
877 2583 1008 2654 Δαναὸς
1026 2585 1164 2645 ἀκολου·

161 2695 234 2752 θῶν
253 2692 292 2762 ὥς
310 2690 525 2769 ἀποκτενῶν,
545 2690 607 2752 τὸν
626 2691 684 2771 μὲν
702 2672 820 2770 συνέβη
843 2691 877 2750 ἐκ
893 2693 960 2752 τῶν
979 2693 1164 2779 πεπραγμέ·1

160 2823 229 2866 νων
253 2797 462 2870 ἀποθανεῖν,
496 2799 558 2858 τὸν
585 2795 620 2856 δί
651 2798 813 2870 σωθῆναι.
863 2796 1097 2880 Ἀναγνῶρισις
1126 2797 1163 2858 δι’

161 2907 281 2979 ἐστιν,
313 2903 415 2987 ὥςπερ
437 2901 494 2962 καὶ
517 2903 666 2984 τοῦνομα
693 2903 865 2984 σημαίνει,
900 2907 932 2978 ἐξ
957 2907 1163 2987 ἀγνοίαςείς
1251 2926 1253 2931 ·

160 3016 289 3100 γνῶσιν
317 3012 502 3095 μεταβολή,
534 3009 552 3082 ἦ
584 3011 628 3083 εἰς
657 3000 821 3093 φιλίανίἲ
844 3013 889 3084 εἰς
916 3009 1062 3095 ἔχθραν,
1096 3020 1163 3075 τοῖν

160 3122 247 3204 πρὸς
273 3121 431 3202 εὐτυχίαν
457 3120 474 3192 ἦ
498 3117 685 3201 δυστυχίαν
708 3119 902 3200 ὡρισμένων.
943 3120 1110 3194 καλλίστη
1127 3121 1163 3183 δὲ

162 3227 407 3312 ἀναγνώρισις,
446 3225 530 3288 ὅταν
560 3224 631 3308 ἅμα
657 3209 866 3308 περιπέτειαι
891 3225 1091 3309 γίγνωνται,
1123 3230 1163 3302 ὥς

163 3341 238 3421 ἔχει
259 3337 293 3400 έν
311 3341 359 3417 τῷ
378 3334 546 3398 Οἰδίποδι.
591 3335 658 3395 εἰσί
674 3337 732 3415 μὲν
747 3333 804 3396 οὖν
821 3334 876 3394 καί
896 3335 997 3396 ἄλλαι
1020 3337 1163 3417 ἀναγνω-

163 3422 288 3531 ρίσεις,
318 3445 374 3504 καί
402 3440 465 3524 γοίρ
494 3443 575 3523 πρὸς
600 3436 716 3522 ἄψυχα
744 3442 800 3501 καί
821 3440 866 3501 τοί
890 3445 1042 3525 τυχόντα
1067 3444 1163 3507 ἔστιν

163 3553 245 3629 ὅτε,
279 3551 380 3635 ὥςπερ
400 3550 548 3634 είρηται,
580 3549 776 3630 συμβαίνει,
808 3551 864 3631 καὶ
890 3552 919 3610 εί
939 3553 1085 3635 πέπραγέ
1109 3573 1162 3625 τις

161 3662 245 3742 ἧμη
260 3658 449 3743 πέπραγεν,
482 3656 577 3718 ἔστιν
598 3656 831 3737 άναγνωρίσαι.
875 3658 946 3719 ἀλλ’
969 3659 986 3729 ἡ
1009 3660 1163 3739 μάλιστα

161 3775 229 3834 τοῦ
253 3767 361 3848 μύθου
384 3765 483 3838 καὶὴ
513 3763 666 3846 μάλιστα
696 3767 755 3836 τῆς
784 3764 930 3847 πράξεως
964 3767 982 3837 ἡ
1015 3767 1166 3851 εἰρημένη

208 3984 236 4057 *)
253 3982 410 4036 Secundum
432 3981 573 4035 c.xvl11.
593 3980 766 4033 Theodectes
787 3979 870 4044 huius
882 3980 1050 4048 Tragoedia
1066 3991 1183 4035 auctor:
1291 4031 1296 4045 ,

253 4088 310 4142 εει,
329 4077 375 4130 cui
392 4093 415 4129 ε.
431 4077 501 4127 xvl.
519 4075 631 4143 Tydeus
647 4092 759 4147 quoqu}
775 4075 912 4127 tribuitur.
