2610 4800
572 466 656 541 473

131 659 177 723 risi
204 662 397 746 disciplinae
422 664 595 729 serenitate
617 666 886 731 convenientium
911 686 1045 751 quoque
1068 670 1110 731 ud

131 789 147 830 e
166 792 275 833 mores
299 771 495 836 astrinxerit.

172 879 291 941 Sumnt
320 878 420 960 igitur
443 889 519 961 unte
546 880 654 942 omniu
676 881 820 965 parentis
843 901 917 965 erge
932 881 1110 966 discipulos
1221 930 1225 936 .

131 1005 191 1047 uos
217 987 381 1063 animum,
412 1010 450 1051 ac
476 989 652 1052 succedere
678 989 773 1053 seOn
800 1011 913 1052 eorum
930 990 1058 1069 lorum,
1091 1012 1110 1051 a

135 1095 237 1156 uibus
256 1093 318 1156 sibi
338 1094 430 1157 liberi
447 1096 635 1174 truduntur,
665 1096 838 1161 existimet.
880 1099 952 1181 lpse
973 1118 1033 1160 nec
1052 1089 1111 1160 huss
1191 1122 1199 1137 ⁷

131 1212 187 1265 eat
219 1201 317 1277 vitia,
357 1225 417 1266 neo
441 1204 535 1265 ferat.
583 1205 656 1265 Non
683 1204 853 1266 austeritas
884 1203 952 1289 ejus
984 1204 1110 1283 tristis,

131 1331 179 1370 ‚on
205 1308 363 1378 dissoluta
380 1311 425 1372 sit
444 1311 598 1375 comitas:
626 1334 668 1374 ne
685 1311 763 1373 iude
780 1311 912 1388 odium,
935 1309 1013 1372 hino
1031 1333 1112 1375 con·

131 1425 259 1497 emptus
278 1417 411 1478 oriatur.
452 1418 615 1480 Plurimus
636 1420 665 1481 ei
688 1419 727 1480 de
747 1417 885 1480 honesto
907 1440 944 1480 uo
964 1418 1051 1480 hono
1067 1420 1112 1482 sit

131 1545 233 1587 ermo.
274 1527 354 1586 Nom
373 1547 441 1608 quo
456 1526 586 1609 saepius
604 1525 785 1600 monuerit,
808 1527 872 1589 hoc
890 1526 995 1594 rarius
1013 1527 1112 1588 custi-
1176 1592 1179 1597 ,

132 1632 213 1694 ubit.
257 1634 391 1695 Minime
414 1616 610 1696 irseundus:
643 1657 703 1698 nec
729 1646 837 1699 tumen
859 1656 994 1711 eorum,
1027 1655 1110 1716 quae

131 1740 316 1801 mondanda
335 1753 452 1820 erunt,
476 1741 710 1827 dissimulator:
735 1743 871 1826 simplex
890 1742 923 1802 in
943 1742 1108 1815 docendo;

131 1848 245 1911 ‚atiens
261 1849 400 1922 laboris;
433 1849 583 1913 assiduus
598 1850 726 1933 potius,
749 1872 847 1933 quum
864 1848 1056 1911 immodicus
1074 1848 1111 1925 *).

132 1956 396 2038 nterrogantihus
415 1956 558 2019 libenter
577 1957 793 2040 respondeat,
822 1979 889 2019 non
909 1956 1113 2039 interrogan-

131 2086 165 2125 es
197 2073 411 2146 percontetur
448 2064 546 2126 ultro.
600 2067 637 2126 ln
674 2046 847 2126 laudandis
879 2063 1112 2147 discipulorum

131 2170 318 2231 lintionibus
333 2193 393 2233 nec
408 2172 581 2254 malignus,
605 2193 666 2248 nee
682 2172 820 2245 effusum
846 2171 924 2254 quin
943 2192 995 2232 res
1012 2171 1112 2232 altera

131 2278 264 2340 ,aedium
284 2278 423 2355 loboris,
454 2279 555 2341 ultera
577 2277 786 2340 securitatem
807 2278 908 2362 parit„
944 2279 980 2339 ln
1003 2298 1113 2339 emen-

131 2385 245 2463 lando‚
269 2408 352 2468 quoe
369 2385 560 2469 corrigendo
580 2396 694 2463 erunt,
719 2407 785 2447 non
802 2385 949 2461 acerbus,
972 2383 1115 2445 minime·

131 2515 184 2574 lue
207 2493 484 2564 contumeliosus;
517 2515 591 2554 num
612 2493 646 2553 id
666 2493 798 2576 quidem
817 2494 938 2554 multos
948 2513 974 2581 xu
995 2511 1114 2577 propo·
1225 2552 1229 2557 ,

131 2601 182 2662 rito
203 2600 355 2662 studendi
372 2602 476 2682 lugat,
500 2600 589 2682 quod
603 2599 734 2682 quidum
750 2599 796 2660 sic
812 2597 995 2688 objurgant,
1020 2595 1113 2679 quasi

131 2707 259 2770 rderiut.
303 2711 375 2791 lpse
403 2707 550 2790 aliquid,
584 2708 649 2768 imo
672 2706 794 2784 multa,
833 2705 979 2788 quotidie
1006 2705 1112 2782 dicat,
1209 2713 1223 2765 J

131 2836 206 2895 quae
229 2836 339 2875 secum
362 2815 473 2878 auditu
496 2802 648 2878 referunt.
690 2815 784 2877 Licet
810 2813 896 2875 enirn
919 2812 996 2874 sutis
1012 2801 1115 2874 eriem-

131 2922 249 3001 plorum
272 2923 313 2982 ad
339 2923 531 2984 imitandum
553 2944 591 2985 ex
613 2922 756 2984 lectione
773 2920 975 3002 suppeditet,
1005 2930 1113 2981 tamen

131 3033 198 3089 viva
216 3030 292 3100 illa,
314 3041 351 3090 ut
370 3030 492 3093 dicitur
503 3075 513 3108 ,
535 3052 605 3093 vox
623 3029 681 3092 ulit
701 3029 860 3111 plenius‚'
875 3011 1115 3111 praecipueque

131 3134 193 3219 ejus
213 3138 445 3219 praeceptoris,
469 3160 565 3219 quem
582 3136 748 3219 discipuli,
771 3135 798 3197 si
818 3134 913 3196 modo
928 3146 1017 3197 recte
1038 3143 1115 3194 sunt

131 3242 291 3319 instituti,
331 3256 364 3306 et
392 3238 500 3305 amant
537 3254 570 3308 et
599 3255 763 3307 verentur.
816 3244 879 3306 Vix
907 3252 1015 3303 autem
1048 3241 1114 3304 dici
1216 3255 1218 3259 ’

131 3363 253 3432 potest,
288 3363 412 3435 quanto
444 3353 600 3416 libentius
630 3353 796 3414 imitemur
823 3373 896 3429 eos,
929 3351 1048 3434 quihus
1066 3351 1115 3410 fa-

131 3482 250 3521 remus.

186 3567 320 3628 Minime
337 3589 414 3629 vero
429 3566 645 3650 permittenda
659 3567 791 3650 pueris,
826 3575 861 3626 ut
883 3566 919 3624 fit
940 3563 1024 3648 opud
1047 3563 1117 3646 ple-

131 3693 264 3756 rosque,
296 3675 486 3757 assurgendi
507 3674 756 3756 exsultandique
780 3675 812 3732 in
832 3673 993 3733 laudando
1011 3672 1116 3733 licen·

131 3759 185 3842 tiu:
210 3782 290 3864 quin
306 3778 401 3843 etiam
414 3783 570 3866 juvenum
582 3782 745 3842 modicum
759 3802 839 3857 osse,
858 3803 959 3862 quum
972 3779 1116 3853 audient,

131 3891 350 3952 testimonium
378 3891 482 3953 debet.
526 3895 574 3954 lta
595 3891 671 3970 liet,
705 3901 743 3952 nt
762 3912 800 3953 ex
815 3887 940 3972 ¹judicio
953 3909 1117 3972 proecep-

133 4019 472 4049 *Ψ-ὲ--ι--α

168 4104 192 4178 ‘J
218 4107 258 4159 cr.
273 4107 291 4160 t.
311 4111 331 4161 1.
350 4107 409 4177 04.
427 4105 449 4180 ς
467 4111 508 4162 23.
562 4066 568 4078 ’
