2610 4800
532 556 587 636 tt

231 764 337 816 Cicero.
373 760 435 832 (De
452 769 549 815 orntor.
568 760 587 813 l.
600 738 646 818 it.
668 758 740 837 Edd.
759 756 881 829 Nabla)

117 869 224 928 Locus
244 877 277 928 et
296 864 388 948 regio
406 863 501 946 quari
519 862 652 926 ridiculi
672 863 878 947 turpitudine
896 875 930 927 et
950 862 1056 928 desem

56 976 170 1036 mitute
197 973 339 1057 quadam
366 971 565 1034 continetur.
606 973 693 1034 ilaec
718 970 805 1034 enim
828 970 980 1035 ridentur
1004 972 1059 1037 rel

57 1085 126 1145 sola
147 1083 201 1144 vel
223 1082 381 1160 maxime,
404 1101 489 1164 qnae
510 1089 625 1142 notant
641 1090 673 1143 et
688 1079 861 1165 designant
877 1080 1060 1164 turpitudia

56 1211 130 1252 nem
156 1190 298 1272 aliquam
319 1212 384 1250 non
403 1189 554 1271 turpiter.
578 1225 618 1238 -
663 1191 834 1267 Quatenus
860 1200 969 1252 autam
991 1189 1060 1251 sint

58 1299 200 1360 ridicula
218 1296 407 1375 tractanda,
430 1308 588 1381 perquem
608 1284 978 1381 diligentcr'videndum
998 1310 1060 1362 oet.

57 1410 142 1470 Nam·
163 1429 223 1469 nec
249 1404 388 1490 insignis
412 1406 600 1489 improbitas
625 1415 658 1468 et
679 1406 803 1470 scolere
825 1398 963 1490 juncta,
999 1426 1059 1470 nec

56 1526 170 1576 rur'sua
198 1515 331 1577 miseria
359 1514 494 1596 insignia
524 1514 641 1596 agitata
664 1513 800 1577 ridetur.
841 1515 1060 1578 Facinoroeoe

54 1622 176 1707 majore
198 1624 339 1706 quadarn
360 1624 415 1699 vi,
445 1644 543 1703 quain
566 1620 697 1681 ridiculi
727 1622 891 1684 vulnerari
918 1622 1057 1697 volunt:

55 1733 193 1794 miseros
213 1731 311 1790 illudi
331 1729 472 1805 nolunt,
503 1727 567 1787 nisi
590 1749 625 1789 se
640 1728 724 1788 sorte
740 1727 875 1812 jactant.
918 1731 1062 1792 Parcen-

57 1839 202 1901 cenidum
235 1845 285 1898 cet
315 1845 424 1898 eutem
456 1835 593 1896 maxime
629 1834 757 1897 ceritati
789 1835 980 1911 hominum,
1020 1857 1062 1901 ne

58 1957 183 2006 temere
214 1943 247 2004 in
276 1964 329 2006 ees
359 1942 471 2020 dicas,
515 1908 572 2026 qiii
601 1941 792 2026 diliguntur.
832 1948 883 2022 (c.
915 1944 986 2023 58.)
1022 1982 1060 1993 -

56 2055 144 2114 Haec
173 2035 274 2134 igitur
299 2050 483 2113 adhibenda
507 2062 557 2114 eet
577 2052 719 2134 primum
736 2051 768 2112 in
788 2049 927 2134 jocando
947 2053 1062 2115 ruode-

55 2153 159 2233 ratio'5
184 2159 296 2242 itaque
312 2181 348 2220 ea
362 2158 528 2221 ¹facillime
545 2158 724 2232 luduntur,
755 2181 840 2242 quae
858 2182 966 2244 acque
983 2161 1059 2221 odiu

55 2288 184 2352 magno,
203 2288 310 2351 neque
323 2267 547 2330 misericordia
563 2268 698 2328 maxima
713 2266 812 2350 digna
826 2279 912 2330 sunt.
940 2272 1061 2347 Quum⁴

56 2377 169 2438 obrem
189 2375 339 2439 materies
359 2377 465 2437 omnio
486 2375 701 2436 ridiculorum
730 2386 780 2438 est
803 2377 836 2437 in
858 2378 929 2440 istis
946 2378 1058 2456 vitiis,

57 2506 143 2566 quae
169 2495 247 2547 suut
274 2485 306 2545 in
334 2483 399 2544 rita
418 2483 588 2544 hominnm
614 2505 723 2567 neque
746 2506 914 2561 carorum,
952 2508 1061 2567 neque

57 2592 345 2668 calamitosorum,
388 2614 496 2674 neque
526 2614 662 2669 corum,
706 2592 762 2673 qui
790 2595 832 2653 ob
861 2592 989 2654 liaciano
1019 2592 1060 2652 ad

56 2701 256 2783 supplicium
292 2700 438 2783 rapiendi
471 2700 646 2775 videntur,
690 2722 793 2782 eaque
824 2701 909 2761 belle
940 2701 1059 2781 agitata

57 2807 215 2868 ridentur.
257 2810 319 2869 Est
338 2809 433 2868 etiarn
454 2808 671 2870 deformitatis
690 2819 723 2868 et
741 2809 886 2892 corporis
902 2809 1060 2867 vitiorum

56 2916 135 2977 satie
152 2916 237 2978 bella
255 2915 405 2977 materies
422 2916 462 2974 ad
483 2913 668 2998 jocandum.
702 2922 749 2993 (c.
768 2919 838 2995 59.)
862 2953 902 2966 -
921 2953 958 2962 —
977 2952 1017 2964 -

117 3025 190 3084 Duo
212 3032 289 3085 sunt
314 3044 432 3105 genera
452 3023 664 3099 facetiarum,
700 3043 839 3106 quorum
863 3022 1003 3083 altorum
1026 3044 1059 3082 re

55 3142 238 3211 tractatur,
275 3133 415 3195 alterum
444 3131 542 3192 dicto.
586 3134 649 3203 lte,
682 3127 843 3214 siquando
876 3131 958 3212 quid
987 3143 1060 3193 tau-

56 3261 156 3324 quam
178 3241 287 3322 aliqua
306 3241 422 3302 sabella
445 3218 604 3300 narratur.
635 3247 686 3313 (c.
709 3241 780 3319 59.)
800 3274 842 3284 -
861 3268 962 3285 -——-
1000 3240 1060 3299 Est

55 3358 167 3412 autem
184 3347 263 3409 haee
286 3348 382 3431 hujus
401 3349 528 3430 generis
552 3346 675 3425 virtus,
702 3355 737 3407 ut
755 3345 798 3406 ita
816 3349 904 3409 tacta
924 3347 1060 3408 demon*

55 3466 159 3533 stres,
184 3467 221 3516 ut
240 3478 345 3518 mores
367 3454 460 3539 ejus,
492 3455 532 3517 de
552 3478 618 3538 quo
639 3465 844 3549 narres‚·ut
863 3477 992 3530 sermo,
1022 3466 1061 3516 nt

53 3565 166 3626 vultus
187 3585 299 3635 ornnes
321 3565 562 3646 exprimantur,
585 3579 622 3627 ut
644 3562 705 3643 iis,
730 3566 787 3648 qui
807 3565 967 3636 audiunt,
989 3572 1058 3624 tum

53 3673 124 3754 geri
142 3673 199 3731 illa
216 3673 353 3755 fierique
372 3672 553 3733 videantur.
598 3676 634 3733 In
650 3696 686 3735 re
705 3685 754 3737 est
773 3674 851 3733 item
868 3671 1056 3750 ridiculum,

54 3781 146 3869 quod
174 3803 213 3842 ex
240 3781 382 3863 quadam
418 3781 590 3863 depravata
631 3782 815 3844 imitatione
847 3778 931 3840 sttmi
966 3781 1056 3842 solet.

53 3903 156 3937 —'-‘-
182 3917 220 3935 ·—-
265 3890 299 3949 ln
331 3890 417 3950 dicto
440 3900 547 3950 autem
575 3889 752 3951 ridiculum
787 3895 837 3950 est
866 3889 923 3965 id,
968 3889 1058 3970 quod

51 3997 145 4059 verbi
167 4009 224 4059 aut
249 3999 431 4059 Sententiae
455 3999 596 4080 quodam
621 3998 773 4059 acumine
792 4008 961 4059 movetur:
1001 3995 1057 4056 sed

50 4120 91 4167 ut
111 4106 147 4166 in
173 4105 230 4166 illo
251 4106 420 4188 superiore
440 4120 557 4190 genere
584 4106 635 4166 vel
656 4105 853 4168 narrationis
875 4106 926 4168 tel
949 4103 1060 4163 imitas

51 4214 155 4276 tionis
182 4213 313 4274 vitanda
337 4223 386 4276 eet
407 4215 579 4276 mimorum
606 4213 830 4297 ethologorum
855 4210 1057 4295 similitudo}

839 4328 858 4383 2
