2610 4800
671 338 770 417 *26

246 543 290 605 At
305 542 370 602 hoc
389 537 476 601 idem
488 583 499 618 ,
528 538 620 622 quod
640 548 691 602 est
711 538 747 599 in
768 537 893 600 naturis
917 559 1049 618 rernm,
1072 543 1253 605 transferri

245 628 356 735 potest
376 647 475 710 etiam
495 647 536 709 ad
556 656 655 710 artes·
698 649 769 713 Uno
787 645 931 731 tingendi
950 655 1000 708 est
1017 667 1092 724 ars,
1128 647 1168 709 in
1190 672 1254 734 qua

245 766 451 841 praestantes
467 758 603 818 fuerunt
621 757 725 840 Myro,
747 755 959 839 Polycletus,
980 755 1146 839 Lysippus
1158 766 1174 832 ς’
1198 760 1254 843 qui

249 886 360 927 omnes
381 864 469 926 inter
487 886 521 927 se
540 863 715 928 dissimiles
737 867 895 944 fuerunt,
919 863 977 929 sed
993 864 1039 926 ita
1053 873 1196 943 tamen,
1220 875 1255 927 ut

249 973 413 1035 nerninem
428 972 481 1034 sui
498 973 578 1035 velis
597 995 666 1036 esse
685 971 899 1054 dissimilem„
920 973 990 1035 Una
1003 982 1057 1048 ‚est
1076 993 1132 1032 ars
1148 973 1255 1034 ratio·

249 1103 314 1172 qne
332 1080 498 1164 picturae,
522 1080 793 1164 'dissimilimique
816 1091 924 1143 tamen
946 1078 1088 1142 interfse
1109 1062 1254 1157 Zeuxis,

142 1193 149 1207 K
220 1221 225 1239 Ι
248 1188 463 1273 Aglaophon,
486 1187 645 1273 Apelle„
687 1213 804 1274 neque·
825 1177 937 1252 eorum
968 1188 1151 1271 quisquam
1184 1198 1256 1266 est,

225 1320 229 1325 ·
250 1297 305 1359 coi
328 1295 509 1381 quidquam
528 1298 562 1357 in
583 1309 652 1360 arte
671 1292 783 1360 deesse
803 1298 960 1359 videatur.
1001 1297 1045 1357 Et
1070 1294 1096 1354 si
1122 1291 1256 1384 hocin

249 1404 301 1466 h'is
336 1405 564 1489 quasimutis
595 1405 718 1466 artibus
752 1416 801 1468 est
835 1404 1018 1466 mirandum
1057 1407 1114 1482 (et
1143 1415 1257 1467 tamen

69 1518 73 1524 “
186 1577 187 1580 ,
249 1517 397 1593 rerum):
421 1520 546 1597 quanto
560 1512 782 1604 admirabilius
796 1507 830 1573 in
845 1513 992 1575 oratione
1005 1523 1104 1593 atque
1117 1510 1258 1595 linguai

248 1630 354 1707 quae,
389 1645 492 1706 quum
512 1622 547 1703 in
569 1622 685 1685 iisdem
700 1621 873 1686 sententiis
890 1622 1065 1702 verbisque
1087 1632 1258 1697 versetur,

249 1740 391 1795 summas
406 1732 510 1796 'hahet
528 1731 839 1805 dissimilitudines3
874 1751 940 1790 non
966 1728 1037 1806 sic,
1069 1735 1106 1788 ut
1124 1728 1191 1788 alii
1211 1721 1259 1790 vi·⁴

143 1836 154 1846 ”
179 1922 182 1929 ¹
250 1835 426 1923 tuperandi
445 1840 530 1919 sint,
562 1839 619 1903 sed
640 1839 740 1916 urii,
772 1859 856 1925 quos
876 1846 1005 1899 constet
1022 1856 1092 1898 esse
1113 1829 1256 1898 laudan·

251 1946 331 2020 dos„
358 1935 400 2006 in
421 1946 544 2031 dispari
565 1957 676 2018 tamen
697 1968 816 2032 genere
833 1944 1019 2008 laudentur.
1070 1944 1141 2023 (De
1175 1956 1255 2009 orat

250 2053 468 2140 lsstep)

690 2175 714 2253 i·
757 2177 821 2250 13·⁴

140 2368 142 2372 ,
252 2298 454 2384 Quintilianus.
492 2317 563 2388 (Hic
588 2335 701 2390 quoque
725 2315 890 2389 paucissima
914 2289 1082 2387 sentruuivde
1107 2322 1172 2384 arte,
1198 2315 1254 2368 uni·

395 2496 398 2505 Ι
439 2438 533 2486 versa,
562 2438 650 2493 eaque
668 2420 749 2474 velut
766 2419 796 2476 ἑν
814 2416 934 2496 παρόδῳ
953 2415 1062 2487 docet.)

312 2576 399 2658 Illud
421 2594 595 2659 admonere
618 2597 697 2658 satis
723 2603 793 2673 est,
809 2594 956 2673 omnia,
991 2588 1075 2675 qua'e
1096 2594 1147 2653 ar's
1174 2615 1253 2656 con·

251 2705 481 2782 summoverit,
513 2728 531 2764 a
552 2715 669 2766 natura
687 2703 782 2780 initia
800 2703 939 2764 diruisse.
984 2695 1253 2780 (Instssor.1.11.

253 2833 283 2872 e.
308 2815 375 2893 η.)
396 2846 438 2859 -
460 2847 498 2859 -
520 2847 560 2860 -
602 2811 692 2874 Nihil
712 2832 763 2873 ars
778 2811 849 2873 sine
863 2810 999 2873 materia
1023 2808 1143 2888 (scilic.
1170 2825 1255 2891 quae

252 2940 269 2981 a
290 2927 408 2980 natura
425 2919 566 3003 peteuda
584 2925 671 2999 est),
705 2920 859 2984 materiae
880 2919 978 2980 etiam
996 2917 1067 2978 sine
1088 2924 1158 3005 arte
1179 2939 1255 2999 pre-

251 3028 335 3093 tium
351 3039 410 3092 est.
452 3018 664 3092 Ars'summa
682 3027 815 3093 materia
837 3020 960 3108 optima
979 3024 1103 3085 melior.
1137 3025 1195 3101 (L.
1218 3026 1253 3087 11.

231 3154 280 3199 ὀ.
301 3143 367 3220 sp)
387 3175 424 3186 -
445 3173 488 3187 ·-
529 3140 612 3202 Cum
630 3139 697 3200 sint
712 3146 821 3198 autem
839 3132 958 3193 artium
974 3133 1000 3209 *)
1025 3133 1107 3193 aliae
1127 3131 1253 3214 positae

253 3246 286 3305 in
318 3244 545 3327 inspectione,
587 3247 620 3309 id
654 3236 713 3308 est*
737 3239 926 3324 cognitione
959 3246 991 3300 et
1025 3239 1253 3301 aestimatione

253 3374 384 3428 rerum,
406 3353 515 3434 qualis
530 3365 588 3415 ‘cst
605 3350 801 3434 astrologia,
824 3349 951 3410 nullum
975 3348 1104 3431 exigens
1128 3352 1252 3425 aetiani,

250 3462 310 3522 'scd
336 3463 407 3546 ipso
432 3460 501 3537 rei,
533 3458 637 3545 eujus·
653 3458 799 3522 studium
822 3456 943 3535 habet,
977 3457 1149 3519 intellectu
1172 3449 1293 3547 con-'¹¹

289 3713 315 3787 'l
336 3716 505 3773 Monendum
524 3727 583 3782 ert,
616 3716 761 3780 Nostrum,
792 3714 897 3793 atlete
917 3726 1009 3766 omnes
1027 3711 1170 3786 scriptores
1189 3712 1252 3764 lati·

341 3830 407 3878 nos,
434 3816 497 3869 estis
521 3812 687 3869 vocabulum
713 3830 793 3866 sensu
818 3809 908 3864 latiori
933 3826 1078 3882 usurpare,
1104 3824 1160 3878 quo
1179 3808 1253 3860 idern

244 3943 250 3955 ·
343 3924 374 3961 ae
399 3908 523 3962 doctrina
547 3909 758 3982 ant‘disciplina
777 3907 927 3977 significat3
952 3905 1028 3978 quod
1047 3913 1075 3956 et
1093 3903 1208 3956 Graecis
1225 3903 1253 3956 in

341 4003 455 4060 vocibus
472 4006 528 4059 ruis
544 4011 636 4081 τέχνη
653 4015 683 4063 et
699 4004 842 4080 ἐπιστήμη
859 3996 991 4060 usitatum
1010 4019 1085 4064 erse,
1111 4007 1228 4088 constat.
1250 3993 1264 4018 ⁹
