2610 4800
621 238 719 320 546'

161 437 305 504 minimis
328 438 503 503 crescant?
543 440 655 521 Quae,
684 447 784 525 prout
806 437 894 502 ratio
914 436 1034 503 causae
1055 438 1187 525 cuju&

162 569 228 632 que
250 546 451 630 postulabit,
478 547 746 625 ordinabuntur,
777 568 843 609 uno
866 553 924 627 (ut
945 568 1005 632 ego
1026 569 1181 642 censeo)

51 721 54 728 ,
162 664 310 737 excepto,
331 677 369 717 ne
383 658 638 771 eputentissimis
653 655 698 716 ad
710 657 866 718 levissimo
880 656 1042 719 decrescat
1054 670 1174 733 oratio

231 788 294 841 Not.
327 766 472 879 Restitutio
489 807 509 842 s.
517 764 718 862 reprehensio,
739 806 790 842 nec
803 791 895 841 minus
908 791 1065 845 sententiae
1080 788 1167 861 (γνῶ.

163 880 238 959 μαι)
254 902 322 937 cum
343 887 512 941 auctoritate
528 898 554 939 et
573 885 736 938 testimoniis
755 881 795 935 cd
815 887 1084 955 argumentationem
1100 907 1161 958 pro-
1203 900 1208 959 1

162 979 236 1032 xime
256 981 413 1048 pertinent:
437 992 608 1058 quapropter
627 997 720 1052 pauca
741 982 825 1034 etiam
846 978 880 1035 de
900 980 943 1034 tis
962 981 1015 1035 hoe
1030 982 1089 1055 ipro
1104 984 1156 1038 loeo
1199 1000 1208 1042 ἢ

164 1075 384 1153 subjungentem·
743 1082 746 1088 '
1200 1070 1203 1077 '

445 1252 603 1375 Riefutatie
624 1301 649 1342 s.
670 1277 884 1366 reprehensio.

194 1490 197 1499 .
294 1540 299 1547 ι
407 1463 524 1531 Q'uintil.
560 1462 644 1537 (inst.
660 1460 760 1516 oratl.
776 1462 811 1520 V.
828 1480 853 1515 e.
869 1460 929 1532 13.)

103 1616 108 1624 ’
178 1679 181 1688 ,
227 1584 385 1680 Refutctt'o
413 1597 592 1681 dupliciter
623 1598 729 1681 accipi
758 1609 876 1681 potest.
918 1597 1001 1659 Nam
1031 1605 1065 1659 et
1092 1607 1186 1679 paro

167 1702 349 1768 defensoris
368 1715 438 1766 totu
455 1717 505 1768 est
517 1706 622 1790 positu
639 1707 673 1768 in
690 1706 905 1776 refutatione:
928 1716 960 1768 et
979 1727 1063 1788 quae
1081 1704 1193 1765 dieta

168 1796 248 1875 sunt
271 1835 310 1875 ex
337 1813 485 1893 diverso,
516 1792 638 1877 debent
658 1815 816 1898 utrinque
838 1813 984 1876 dissolvi.
1025 1814 1068 1874 Et
1088 1811 1193 1874 haec

168 1931 218 1986 est
238 1922 389 2005 proprie„
422 1923 476 1986 cui
501 1923 534 1984 in
562 1923 830 2006 causisquartus
858 1921 1044 2004 assignatur
1066 1922 1191 1981 locos.

166 2029 231 2092 Sed
257 2031 430 2111 utriusque
455 2004 572 2091 similis
605 2031 753 2093 conditio
784 2041 843 2093 est.
885 2032 999 2112 Neque
1027 2051 1106 2090 vero
1129 2044 1187 2090 ex

168 2137 240 2197 aliis
255 2137 337 2196 iocis
353 2139 435 2198 ratio
452 2130 715 2243 argumentopum
731 2140 765 2199 in
780 2137 840 2199 huc
856 2146 948 2223 parte
965 2136 1030 2219 peti
1049 2130 1188 2218 potest,¹

173 2265 270 2326 quam
289 2244 323 2305 in
342 2246 607 2331 confirmationee
640 2269 701 2308 nee
723 2248 890 2333 locorum,
914 2255 971 2306 aut
990 2244 1172 2306 sententia-

75 2411 78 2419 ,
169 2372 265 2430 rum,
298 2342 363 2415 aut‘
381 2353 555 2417 verborum
585 2363 618 2417 et
649 2355 825 2437 figurarum
852 2353 915 2413 alia
938 2351 1086 2414 conditio
1111 2359 1164 2413 est.

169 2459 315 2522 Affectus
338 2460 532 2546 pierumque
547 2463 627 2525 haec
646 2484 722 2547 pars
740 2462 885 2524 mitiores
906 2462 1014 2523 habet.

232 2569 304 2630 Non
322 2569 391 2630 sine
412 2592 510 2632 eausa
530 2579 639 2632 tamen
658 2569 823 2632 difficilius
848 2590 973 2651 semper
991 2576 1043 2645 est
1064 2564 1160 2630 credi·

173 2684 243 2739 tum
269 2679 377 2762 (quod
404 2680 518 2741 Cicero
544 2699 638 2762 saepe
661 2684 818 2755 testatur)
848 2677 1016 2762 defendere
1027 2659 1054 2750 ,'
1074 2695 1159 2758 quun

174 2809 329 2848 cecinere.
372 2788 537 2865 Primum,
562 2788 651 2870 quod
670 2797 719 2849 est
737 2809 788 2848 res
806 2786 859 2846 illa
876 2785 1072 2867 simplicior
1095 2805 1208 2869 pre-2
1206 2776 1208 2783 ¹

95 2963 98 2967 ¹
173 2894 308 2995 ponitur
334 2895 421 2957 enim
450 2917 517 2956 uno
544 2895 661 2971 modo,
701 2878 893 2963 dissdlvitur
917 2893 1027 2955 varies
1069 2912 1160 2975 quum
1202 2890 1208 2941 ἶ

174 3003 359 3065 accusatori
380 3013 428 3064 sat
432 3004 457 3064 is
478 3004 520 3064 sit
540 3004 753 3087 plerumque,
777 3024 891 3064 verum
909 3022 978 3063 esse
986 2998 1057 3078 id,·
1082 2996 1161 3083 qnod

174 3107 347 3197 objecerit:
370 3124 525 3194 patronus
546 3125 654 3195 neget,
675 3110 843 3196 desendet)
864 3111 1051 3192 transjerat,
1073 3129 1162 3171 excu-

110 3202 112 3209 Ι
173 3232 238 3289 tet,
266 3206 473 3300 deprecatur,
502 3200 643 3293 molliat,
673 3221 814 3291 neinuat,
837 3231 974 3289 avertat,
995 3218 1162 3298 despiciat,

144 3334 151 3368 ‘
174 3328 338 3390 derideat:
361 3351 460 3411 quare
476 3327 551 3391 inde
564 3327 658 3391 'recta
677 3330 745 3393 fere
763 3330 807 3406 ¹²),
830 3338 940 3408 utque,
965 3325 1067 3387 uteie
1084 3324 1164 3385 dixe-

175 3437 261 3512 rim,
302 3439 445 3500 clumosu
473 3447 522 3498 est
550 3436 655 3499 antioc
694 3435 773 3496 hinc
801 3431 1012 3505 milieffflexus
1038 3442 1072 3494 et
1090 3441 1164 3491 ortes

137 3564 139 3569 ⁴
175 3544 412 3609 desiderantur.
455 3549 539 3608 Tum
565 3555 738 3606 accusator
759 3540 990 3628 praemeditate
1018 3540 1165 3624 pleraque

176 3653 272 3716 domo
298 3656 407 3717 affert:
445 3668 603 3738 patronus
641 3654 738 3717 etiam
769 3650 948 3735 inopinatis
982 3650 1166 3736 frequenter

183 3809 527 3825 —vm

219 3903 244 3976 *)
270 3905 433 3979 Plerumque
449 3906 563 3975 legitur:
590 3903 731 3960 indirecte
747 3921 795 3976 pro
811 3887 876 3956 inde
893 3908 976 3954 reeta.
