2610 4800
609 438 688 515 tat

101 649 109 677 ²
166 648 246 713 ant,
267 636 353 701 intra
372 657 407 701 se
425 636 494 719 ipsa
514 635 680 719 disponit,
714 636 771 699 sed
788 637 886 700 verba
903 637 999 701 etiam
1021 639 1153 722 copulat

160 756 321 829 totamque
342 746 388 809 ita
410 745 557 808 contexit
576 746 782 822 orationem,
814 757 853 807 ut
871 747 899 808 ei
924 738 1003 807 nihil
1024 762 1155 831 praeter

132 916 135 925 ,
158 874 284 916 manum
305 852 400 915 desit.
442 853 591 935 Namque
610 854 784 914 mcmoriue
806 875 938 935 quoque
958 855 1153 939 plerumque

156 959 326 1023 inhaerent
355 958 504 1036 fidelius,
546 981 632 1044 quae
662 948 757 1021 nulla
783 961 949 1023 scribendi
976 964 1153 1026 securitate

156 1066 307 1131 laxantur
326 1071 364 1145 ¹¹).

167 1182 170 1191 '
207 1176 275 1239 Sed
296 1197 339 1238 ne
364 1176 405 1237 ad
429 1172 515 1239 hano
541 1176 676 1262 quidem
700 1176 766 1238 vim
792 1177 956 1260 cogitandi
983 1177 1156 1263 perveniri·

152 1258 257 1371 parcit
280 1295 339 1348 aut
361 1284 472 1348 subito
503 1295 560 1347 aut
590 1286 668 1347 cito.
720 1286 800 1346 Nam
830 1286 969 1370 primum
1001 1287 1154 1349 facienda

151 1392 251 1457 multo
268 1393 347 1455 stilo
370 1392 475 1454 farma
491 1403 559 1469 est,
594 1414 679 1475 quoe
699 1414 759 1454 nos
780 1394 878 1456 etiam
897 1394 1077 1476 cogitantes
1100 1417 1153 1457 se-

152 1514 287 1587 quutura
320 1512 391 1566 tam
414 1502 627 1564 assumendus
655 1524 735 1565 usus
758 1504 953 1586 paullatim,
988 1515 1025 1566 ut
1047 1527 1152 1587 pauca

151 1610 288 1695 priunum
319 1610 577 1692 complectamur
604 1605 732 1686 animo,
777 1632 861 1693 quae
888 1610 979 1672 reddi
1011 1611 1153 1674 fideliter-

151 1717 296 1801 poasint:
317 1738 391 1777 mox
411 1738 469 1799 per
489 1718 691 1780 incrementa
711 1728 775 1778 tarn
797 1719 944 1795 modica,
968 1720 1005 1780 ut
1022 1720 1152 1781 onerari

152 1844 183 1887 tt
198 1823 296 1885 labor
309 1822 366 1886 ille
381 1845 446 1884 noo
467 1824 607 1901 sentiat,
631 1825 776 1907 erigenda
795 1827 844 1886 vis
864 1838 897 1888 et
916 1828 1152 1890 exercitatione

152 1930 249 1993 malta
268 1931 470 1993 continenda
490 1940 563 2008 est,
588 1954 672 2015 quae
692 1930 824 2013 quidem
842 1934 979 1993 maxima
1001 1945 1150 2018 exparte

150 2039 302 2103 memoria
319 2050 464 2102 constat:
487 2039 629 2123 ideoque
647 2040 755 2121 aliqua
775 2039 854 2099 mihi
873 2041 905 2100 in
928 2041 1020 2102 illum
1039 2043 1150 2104 locum

149 2146 429 2211 differendasunt.
472 2149 834 2230 Eotamenpervenit,
865 2159 902 2209 ut
924 2149 969 2226 is,
1004 2150 1148 2211 cainan
1209 2192 1212 2199 -

147 2256 326 2338 refragetur
345 2256 533 2338 ingenium,
556 2256 625 2318 acri
647 2254 756 2317 studio
774 2254 904 2338 adjutus
922 2267 1051 2317 tantum
1069 2280 1150 2319 cau·

147 2374 317 2446 nequatur,
338 2374 375 2425 ut
389 2364 418 2425 ei
434 2373 500 2423 tarn
520 2385 604 2446 (puae
626 2362 797 2445 cogitarit,
824 2387 921 2448 quum
941 2387 1024 2447 quae
1044 2366 1150 2448 scrip-

147 2471 224 2532 serit
240 2481 341 2554 atquc
361 2470 553 2548 edidicerit,
579 2471 612 2530 in
635 2472 774 2533 dicenda
793 2473 889 2534 fidem
909 2485 1050 2536 servent.
1094 2474 1151 2535 Ci-

147 2599 222 2639 cero
250 2587 338 2640 certe
362 2581 562 2639 Graecorum
582 2578 803 2638 Metrodorum
828 2580 999 2661 Scepsium
1024 2591 1056 2643 et
1073 2583 1150 2642 Em-

146 2686 258 2768 pylum
284 2684 447 2747 Rhodium
477 2695 731 2767 nostrorumque
754 2687 966 2746 Hortensium
993 2688 1146 2764 tradidit,

147 2812 231 2875 quae
249 2792 491 2874 cogitaverant,
514 2791 554 2852 ad
573 2792 708 2853 verbum
725 2791 759 2851 in
779 2792 903 2872 agendo
922 2792 1076 2854 retulisse
1092 2794 1146 2870 **).

204 2900 270 2964 Sed
297 2901 324 2962 si
352 2902 434 2962 forte
459 2898 581 2982 aliquis
605 2901 691 2960 inter
711 2899 887 2961 dicendum
907 2900 1066 2962 effulserit
1092 2923 1148 2962 ex-

148 3007 333 3092 temporalis
351 3007 461 3086 color,
498 3028 562 3068 non
588 3006 816 3089 superstitiose
842 3008 993 3090 cogitatis
1016 3009 1145 3069 demum

148 3118 201 3178 cat'
220 3116 465 3179 inhaerendum.
509 3116 623 3198 Neque
646 3115 733 3178 euim
752 3124 881 3176 tantum
896 3116 1018 3177 habent
1036 3137 1145 3192 curae,

194 3422 220 3493 ')
238 3424 306 3477 Alii:
326 3423 487 3496 plerumque
503 3422 634 3478 indueret
650 3423 774 3495 fidelius,
795 3420 873 3495 qrtod
885 3452 917 3463 -
935 3423 1061 3475 laxatur.

178 3516 217 3588 ”)
233 3521 274 3573 De
288 3518 444 3571 Metrodoro
458 3520 588 3588 Scepsio,
608 3519 656 3590 qui
674 3519 757 3589 probe
776 3518 959 3577 secernendus
976 3527 1004 3571 ct
1017 3537 1032 3568 a
1042 3517 1145 3569 Metro·

230 3592 297 3666 doro
311 3613 507 3676 Stratonicea,
528 3631 651 3666 necnon
667 3614 765 3666 abillo
782 3616 904 3681 ejusdem
921 3604 1144 3682 nominis-'phile
1239 3606 1246 3615 ”

227 3707 331 3780 sopho,
361 3707 449 3771 ctio,
478 3708 526 3780 qui
545 3698 699 3761 secundani
726 3709 886 3761 Ciceronem
913 3707 1015 3776 [dead.
1036 3717 1143 3778 quaeat.

228 3802 319 3872 l.ll.]
341 3802 442 3855 librum
459 3803 494 3856 de
512 3813 609 3855 natura
627 3803 798 3875 composuit,
829 3801 1141 3868 vid.1·“ab.x1.2,26.
1189 3872 1191 3875 v

230 3908 259 3950 et
274 3916 354 3970 snpra
370 3901 392 3966 t.
406 3901 449 3966 67.
486 3898 529 3951 De
550 3899 667 3968 Empyla
692 3895 801 3950 Rhodio
824 3899 982 3950 varietatem
1006 3897 1070 3951 lect.
1092 3914 1144 3948 no-

225 3993 359 4064 titiasque
371 3992 427 4045 huc
444 3993 611 4064 pertinentes
625 3990 710 4044 habes
726 3991 881 4046 doctitsime
896 3993 1033 4064 expositas
1047 3993 1076 4044 in
1092 3992 1142 4044 Ed.
1244 4002 1247 4006 ’

227 4086 323 4158 spazd.
339 4089 401 4143 Vol.
416 4090 462 4142 tv.
482 4107 508 4161 p.
527 4092 585 4159 189.
599 4095 657 4140 not.
672 4087 732 4139 crit.
