2610 4800
537 400 624 481 873

131 601 189 679 t').
235 600 356 684 Aperta
380 598 523 678 namatio
548 601 671 685 poterit
691 621 781 680 eoae,
817 599 846 663 ei
871 611 909 667 ut
934 601 1083 688 quidque
1187 638 1190 648 ,

131 688 226 771 liniam
243 697 372 793 'geatam
395 707 476 787 erit,
496 707 544 771 ita
560 708 702 792 primum
722 720 903 792 exponetur
921 719 955 773 et
972 687 1085 775 rerum

142 826 326 900 temporum
347 814 427 877 ordo
448 816 648 899 servabitur,
680 826 719 879 ut
745 815 791 893 ita
818 828 1011 895 narrentur,
1045 826 1083 879 ut

131 933 192 987 itae
219 943 271 986 rea
303 925 419 998 erant,
454 934 510 987 aut
534 934 572 987 ut
603 920 750 1008 potuisse
777 925 844 1010 geri
874 925 1083 991 videbuntur.
1164 1002 1166 1009 ¹

131 1054 143 1094 a
164 1031 440 1094 considerandum
460 1033 535 1109 erit,
559 1033 697 1117 nequid
717 1034 918 1117 perturbate,
942 1055 983 1101 ne
1004 1032 1084 1117 quid

131 1150 237 1205 ntorte
252 1139 400 1233 dicetur,
429 1162 471 1203 ne
492 1163 591 1223 quam
611 1141 645 1202 iu
672 1141 768 1202 aliam
787 1163 856 1204 rem
879 1152 1083 1220 transeatur,

141 1247 183 1309 ab
206 1247 323 1323 ultimo
342 1259 531 1331 repetatur,
565 1264 606 1312 ue
627 1247 667 1310 ad
688 1249 866 1312 extremum
889 1250 1084 1333 prodeatur,

147 1354 254 1441 ‚quid,
287 1355 444 1447 quod2ad
463 1378 532 1419 ram
552 1357 737 1440 pertineat,
769 1367 1017 1439 praetereatur,
1051 1368 1087 1422 et

131 1463 238 1540 anino,
270 1485 354 1547 quae
372 1473 546 1549 praecepta
562 1462 604 1527 de
620 1463 781 1528 brevitate
796 1475 896 1542 suut,
926 1463 990 1528 boc
1007 1487 1087 1549 quo-

131 1572 205 1637 eiu
226 1593 344 1655 genere
360 1582 436 1634 aunt
458 1571 691 1636 conservanda.
732 1573 814 1635 Nam
843 1593 938 1655 caepe
962 1593 1013 1634 rea
1034 1581 1086 1636 eet

131 1700 198 1741 rum
214 1677 384 1742 intellecta
397 1677 603 1762 longitudine
621 1678 742 1764 magia,
766 1699 865 1764 quam
882 1679 1085 1743 obscuritate

131 1776 302 1850 meionis(
336 1790 384 1850 Ao
402 1787 509 1849 verbio
523 1767 654 1871 unoque
668 1786 826 1851 'dilucidis
843 1786 1003 1851 utendum
1016 1797 1083 1851 eata

131 1917 150 1957 o
170 1894 212 1958 de
231 1914 349 1980 genere
371 1893 498 1957 dictum
522 1906 572 1958 eet
593 1895 627 1958 in
651 1896 833 1979 praeceptis
853 1895 1085 1980 eloquutionia.

131 2001 265 2065 obabilia
281 2003 343 2065 erit
360 2002 523 2083 narratio,
545 2003 573 2064 ei
590 2003 624 2063 in
642 2010 684 2066 ea'
698 2002 896 2066 videbuntur
909 2004 1015 2093 ineage
1034 2024 1084 2081 ea,

131 2132 170 2172 ae
188 2109 297 2173 solent
317 2112 471 2194 apparere
489 2109 524 2171 in
536 2111 705 2201 ,veritate3
739 2111 768 2172 si
788 2090 1002 2194 personarum
1019 2109 1086 2193 dig·

131 2229 205 2285 :ates
222 2219 442 2281 servabuntur
452 2245 461 2294 ς
486 2219 514 2280 ai
530 2228 647 2282 causae
662 2221 825 2307 tactorum
839 2220 1031 2294 exstabunt5
1054 2217 1083 2281 ei

132 2347 185 2389 esc
203 2326 378 2389 facultates
396 2326 544 2388 faciundi
565 2326 784 2409 videbuntur;
816 2326 845 2390 ei
868 2337 996 2411 tempus
1018 2325 1086 2388 ido·

130 2457 197 2512 um,
221 2435 247 2495 ei
264 2433 360 2519 spatii
382 2412 473 2509 catio,
497 2433 526 2498 ai
545 2434 639 2496 locor
657 2445 862 2518 opportunus
879 2435 920 2496 ad
941 2433 1086 2496 eumdem

131 2565 178 2621 u,
199 2539 263 2626 qua
284 2542 324 2604 de
346 2560 383 2604 re
397 2524 599 2617 narrabitur,
622 2543 723 2603 luisse
742 2542 936 2605 ostendetur
944 2567 953 2615 ;
986 2542 1013 2603 si
1032 2561 1084 2605 ree

134 2651 176 2719 ad
192 2672 326 2728 eorum,
351 2650 407 2742 qui
428 2659 525 2734 agent
538 2695 557 2727 ‚¹
572 2661 721 2712 naturam
741 2659 773 2711 et
788 2649 830 2712 ad
845 2648 933 2732 vulgi
948 2669 1084 2726 morem,

138 2759 183 2822 ad
202 2779 316 2821 eorum
327 2804 336 2836 ,
367 2759 423 2842 qui
442 2758 598 2836 audiunt,
625 2756 813 2842 opinionem
831 2745 1095 2843 accommodabl?

131 2889 152 2929 r.
179 2870 261 2948 .(De
283 2869 352 2929 lav.
373 2867 394 2929 l.
416 2869 440 2929 1.
459 2889 487 2931 c.
508 2870 657 2952 ¹9-2²·l
679 2866 722 2945 “J

131 3021 437 3037 m

134 3121 259 3195 ⁹)Nil1't
282 3135 323 3177 cst
343 3125 375 3175 in
395 3121 514 3176 historic
533 3133 656 3193 puroet
679 3120 787 3174 illustri
809 3118 945 3174 trinitate
968 3110 1088 3176 dulcius.

175 3219 289 3283 Cicero,
310 3221 388 3272 Brut.
403 3234 427 3273 c.
442 3222 484 3288 2⁶·
505 3220 528 3286 t.
544 3220 605 3273 262.

131 3311 161 3383 ”)
179 3315 219 3367 Cl'.
242 3316 330 3368 Cicer.
345 3316 416 3367 Part
436 3321 503 3366 orat.
521 3329 543 3367 c.
558 3332 583 3383 9.
602 3311 651 3365 ubi
663 3311 732 3364 baec
747 3307 968 3381 praecipiuntur:
988 3308 1042 3360 «C.
1056 3307 1089 3362 If.

175 3386 273 3481 Quid?
299 3411 329 3462 in
352 3411 539 3470 narratione,
568 3403 980 3480 quae-tandem'conservanda
1002 3399 1089 3456 aunt!
1182 3419 1189 3428 ’

176 3505 208 3560 C.
226 3507 254 3561 P.
274 3506 411 3576 Quoniam
426 3484 543 3557 narratio
559 3512 600 3555 eat
614 3520 701 3555 rernm
717 3502 881 3574 explicatio,
910 3508 938 3552 et
954 3497 1090 3570 quaedam

176 3602 255 3673 quani
270 3601 348 3654 rodco
367 3618 399 3653 ac
414 3601 623 3653 fundamentum
641 3596 853 3649 constituendae
866 3593 945 3657 fidei,
973 3609 1006 3645 ea
1017 3586 1093 3644 'aunt

153 3674 205 3748 'in
228 3688 412 3749 ea'aervanda
433 3696 565 3758 maxime,
593 3710 666 3764 quae
687 3684 768 3745 etiam
789 3690 818 3742 in
840 3688 952 3761 reliquit
972 3686 1028 3757 fere
1051 3687 1109 3737 di-.

176 3791 257 3844 cendi
280 3790 416 3862 partibor:
449 3809 520 3863 quae
542 3771 637 3862 partim
657 3797 721 3843 aunt
741 3787 911 3848 necessaria,
938 3782 1034 3856 partim
1053 3800 1095 3834 aa·

175 3896 264 3939 tumta
278 3886 314 3938 ad
327 3885 488 3943 ornandum.
519 3885 587 3937 Nam
603 3893 635 3936 ut
647 3883 770 3935 dilucide
785 3880 1019 3956 probabiliterque
1032 3893 1096 3928 nar·

156 4002 159 4007 ·
175 3983 283 4045 remur,
303 3981 486 4034 neceesarium
502 3989 557 4033 eat:
582 3977 630 4032 aed
646 3976 807 4030 assumimur
823 3956 905 4029 etiarn
919 3974 1094 4027 suavitatem.

175 4078 245 4146 Ergo
267 4077 302 4130 ad
323 4074 448 4130 dilucide
469 4075 633 4128 arnaudum
656 4072 752 4128 eadem
765 4072 825 4147 illa
846 4071 985 4143 superiora
1007 4067 1096 4140 expli·
