2610 4800
113 650 141 693 ²⁸
223 662 265 725 lia
279 662 344 725 bae
364 660 572 745 ingeniorum
590 660 781 725 diversitate
803 669 879 721 uata
906 658 1068 723 dubitatio
1087 668 1152 737 eat,

115 756 140 853 ut
181 768 212 831 at
232 770 361 847 κώπης
387 774 432 833 sit
461 768 665 831 ediscendum
691 770 850 842 dicturis,
889 790 932 829 sn
960 770 1028 831 vim
1056 768 1152 829 modo

177 896 258 941 muse
281 893 373 965 etque
401 878 546 941 ordinem
566 878 732 957 complecti
745 880 821 937 setis
837 878 896 939 sit.-
923 875 964 939 dc
988 896 1054 959 quo
1080 874 1154 937 sins

174 982 255 1049 dubio
278 1008 345 1047 nou
365 996 475 1069 potest
495 986 529 1046 in
547 982 984 1067 universumprouunciari.
1025 983 1107 1043 liam
1124 980 1154 1042 si

111 1082 114 1121 ³
170 1094 309 1155 nemos-ia
335 1094 549 1177 suffragatur,
583 1102 712 1175 tempus
733 1112 799 1152 nou
821 1092 947 1167 defuit,
983 1090 1076 1152 nulla
1102 1110 1155 1151 ms

168 1188 254 1263 telins
270 1200 400 1285 syllaba
408 1200 556 1283 cllugiat:
579 1198 702 1281 alioqui
716 1200 814 1262 etiam
832 1198 976 1260 scribere
989 1198 1032 1259 sit
1047 1218 1156 1279 super·

164 1326 306 1369 saeuum.
337 1307 440 1391 ldque
458 1308 632 1389 praecipue
647 1331 664 1366 a
682 1306 791 1390 pueris
807 1306 1035 1381 obtinendum,
1059 1314 1156 1388 atqus

162 1412 300 1479 taliane
326 1413 601 1477 consuetudinem
623 1414 779 1476 memoria
807 1412 1042 1475 exercitatione
1067 1412 1156 1475 redi-

161 1524 281 1609 geoda,
304 1544 347 1585 nc
363 1522 457 1584 nobis
477 1521 642 1585 discamus
661 1520 840 1605 ignoscere.
882 1520 1024 1603 ldeoqoe
1047 1530 1080 1581 et
1098 1518 1156 1580 ad·

160 1630 305 1707 moneri,
339 1642 374 1695 et
399 1630 440 1691 ad
466 1629 614 1691 libellum
643 1630 822 1713 respisccre
852 1630 1031 1707 vitiosum,
1068 1628 1156 1711 quod

160 1738 342 1803 ldscrtatcm
357 1738 572 1823 negligentiae
591 1739 693 1815 lacit,
717 1760 778 1800 uec
797 1738 969 1821 quisquam
989 1759 1024 1798 se
1042 1758 1157 1821 parum

111 1864 113 1877 '
160 1832 270 1913 tenere
293 1844 440 1931 judicat,
472 1844 581 1930 quod,
614 1868 655 1908 ne
684 1846 746 1906 sibi
771 1844 920 1923 excidat,
959 1866 1026 1906 nou
1052 1844 1156 1905 timet

111 1958 113 1969 ’
158 1956 237 2021 Inde
265 1954 471 2037 interruptas
497 1952 639 2015 actionis
668 1952 830 2036 impetus,
874 1964 909 2015 et
935 1952 1093 2014 resistens
1117 1972 1156 2011 ac

159 2064 323 2127 salebrosa
345 2062 472 2138 oratio,
495 2060 600 2144 etqui
617 2059 700 2122 dicit
720 2059 879 2122 ediscenti
898 2058 1036 2135 similis,
1059 2058 1158 2120 etiem

157 2192 290 2235 omnem
306 2170 391 2233 benc
408 2168 604 2252 scriptorum
622 2168 758 2250 gratiam
776 2167 885 2249 perdit
900 2167 951 2229 rel
975 2166 1039 2229 hoc
1062 2166 1156 2250 ipso,

155 2270 244 2365 quod
275 2275 445 2359 scripsisse
471 2296 506 2337 se
536 2256 722 2337 confitetur.
763 2275 919 2337 Memoria
944 2285 1053 2336 eutem
1076 2274 1160 2334 iacit

132 2386 257 2451 etiam
278 2384 422 2469 prompti
444 2382 566 2467 ingenii
585 2384 726 2461 samam,
748 2393 786 2444 ut
806 2382 883 2459 illa,
905 2404 988 2466 quae
1004 2381 1157 2459 dicimus,

152 2516 222 2557 non
241 2490 341 2555 domo
358 2489 528 2567 attulisse,
552 2488 610 2551 sed
626 2490 671 2551 ibi
688 2490 839 2574 protinus
856 2488 1032 2572 sumpsisse
1048 2486 1160 2549 videa·

149 2622 248 2665 nur:
281 2598 370 2682 quod
397 2606 430 2660 et
456 2598 577 2657 oratori
606 2606 640 2659 et
659 2597 719 2680 ipsi
741 2618 857 2659 censae
879 2596 1057 2678 plurimum
1078 2618 1160 2658 con·

142 2712 229 2777 ,tart
253 2708 355 2771 ''Nnm
372 2715 406 2767 et
423 2707 524 2791 magis
544 2706 705 2783 miratur,
735 2715 768 2768 et
796 2705 905 2765 miuus
930 2704 1023 2765 timet
1041 2701 1159 2785 judex,

148 2838 241 2901 quac
268 2836 336 2875 non
363 2821 457 2897 putat
483 2812 638 2875 adversus
670 2835 704 2874 se
731 2823 933 2895 praeparata.
982 2815 1094 2897 ltaque
1124 2812 1160 2873 in

148 2922 346 2985 actionibus
361 2921 448 2982 inter
462 2922 636 3005 praecipua
652 2922 848 2981 servandum
863 2932 924 2998 est,
947 2920 1161 3003 ut'qusedam

150 3030 280 3105 ctiam,
309 3049 392 3111 quae
409 3030 531 3111 optime
550 3028 735 3105 vinximus,
768 3028 860 3090 velut
879 3028 984 3091 soluta
1004 3027 1162 3090 enuncie-

150 3158 256 3215 ιιιιιι,Ι
292 3144 326 3197 ct
354 3135 573 3218 cogitantibus
606 3159 842 3219 nonnunquam
874 3146 907 3197 et
934 3135 1159 3198 dubitantibus

153 3243 285 3309 similes
312 3264 467 3327 quaerere
495 3243 686 3322 videamur,
729 3266 812 3327 quae
844 3243 1023 3304 attulimus.
1075 3244 1161 3327 Ergo

153 3352 240 3437 qaid
257 3350 301 3411 sit
317 3349 488 3434 optimum,
511 3351 674 3413 neminem
692 3353 785 3435 fugit.
828 3352 862 3413 Si
877 3373 954 3413 vero
973 3363 1029 3412 aut
1044 3342 1162 3412 memo

154 3460 207 3524 ria
230 3469 347 3519 nutura
367 3457 480 3519 durior
499 3459 581 3538 erit,
612 3470 668 3521 aut
688 3482 754 3521 uon
774 3460 1004 3545 suffragabitur
1019 3468 1160 3545 tempus,

158 3570 260 3633 etiam
287 3566 404 3629 inutile
424 3568 486 3629 erit
504 3569 545 3630 ad
565 3570 672 3630 omnia
700 3590 734 3632 se
759 3571 858 3631 verba
876 3568 1028 3652 alligare,
1059 3588 1160 3648 quum

111 3740 114 3757 ¹
158 3674 285 3737 oblivio
302 3676 402 3736 nnius
421 3698 533 3737 eorum
553 3676 747 3760 cujuslibet,
779 3687 840 3739 aut.
855 3676 1034 3737 deformem
1052 3674 1162 3737 haesi-

111 3806 114 3863 ;
159 3782 341 3861 tationem,
383 3795 440 3845 aut
470 3787 567 3846 etiam
598 3785 764 3846 silentium
795 3783 952 3854 inducat;
994 3782 1162 3867 tutiusque

111 3890 113 3919 ¹
162 3890 287 3968 multo,
319 3891 563 3975 comprehensis
583 3893 693 3953 animo
717 3893 812 3954 rebus
840 3890 942 3975 ipsis,
975 3890 1161 3953 libertatem

164 3996 226 4058 sibi
257 3997 432 4085 eloquendi
461 3999 656 4085 relinquere.
712 4000 792 4060 llam
823 4010 857 4063 et
895 3998 1018 4061 invitus
1054 3995 1162 4081 perdit
1209 4070 1214 4091 ι

164 4106 300 4191 quisque
313 4104 360 4187 id,
384 4107 472 4191 quod
488 4107 639 4192 elegerat,
664 4107 815 4170 verbum:
840 4127 900 4168 nec
917 4107 1014 4170 lacile
1030 4103 1161 4190 reponit
