<?xml version="1.0" encoding="UTF-8"?>
<!DOCTYPE html PUBLIC "-//W3C//DTD XHTML 1.0 Transitional//EN"
    "http://www.w3.org/TR/xhtml1/DTD/xhtml1-transitional.dtd">
<html xmlns="http://www.w3.org/1999/xhtml" xml:lang="en" lang="en">
 <head>
  <title>
</title>
<meta http-equiv="Content-Type" content="text/html;charset=utf-8" />
  <meta name='ocr-system' content='tesseract 3.04.00' />
  <meta name='ocr-capabilities' content='ocr_page ocr_carea ocr_par ocr_line ocrx_word'/>
</head>
<body>
  <div class='ocr_page' id='page_1' title='image "./aestheticaliter00hillgoog_0155.png"; bbox 0 0 2610 4800; ppageno 0'>
   <div class='ocr_carea' id='block_1_1' title="bbox 515 396 573 475">
    <p class='ocr_par' dir='ltr' id='par_1_1' title="bbox 515 396 573 475">
     <span class='ocr_line' id='line_1_1' title="bbox 515 396 573 475; baseline 0 0"><span class='ocrx_word' id='word_1_1' title='bbox 515 396 573 475; x_wconf 78' lang='grc'><strong>99</strong></span> 
     </span>
    </p>
   </div>
   <div class='ocr_carea' id='block_1_2' title="bbox 32 590 1052 1446">
    <p class='ocr_par' dir='ltr' id='par_1_2' title="bbox 32 590 1052 1446">
     <span class='ocr_line' id='line_1_2' title="bbox 36 590 1046 687; baseline 0.002 -25"><span class='ocrx_word' id='word_1_2' title='bbox 36 599 298 685; x_wconf 67' lang='lat' dir='ltr'><strong>&amp;tudei&#39;qnid</strong></span> <span class='ocrx_word' id='word_1_3' title='bbox 311 600 468 663; x_wconf 76' lang='lat' dir='ltr'><strong>censetis?</strong></span> <span class='ocrx_word' id='word_1_4' title='bbox 485 599 611 685; x_wconf 67' lang='lat' dir='ltr'><strong>ficetum</strong></span> <span class='ocrx_word' id='word_1_5' title='bbox 620 598 783 685; x_wconf 71' lang='lat' dir='ltr'><strong>fortasse,</strong></span> <span class='ocrx_word' id='word_1_6' title='bbox 811 590 867 664; x_wconf 78' lang='lat' dir='ltr'><strong>eut</strong></span> <span class='ocrx_word' id='word_1_7' title='bbox 893 600 1046 687; x_wconf 77' lang='lat' dir='ltr'><strong>praedem</strong></span> 
     </span>
     <span class='ocr_line' id='line_1_3' title="bbox 37 707 1047 800; baseline -0.003 -24"><span class='ocrx_word' id='word_1_8' title='bbox 37 712 205 800; x_wconf 78' lang='lat' dir='ltr'><strong>ediquem?</strong></span> <span class='ocrx_word' id='word_1_9' title='bbox 244 708 392 787; x_wconf 85' lang='lat' dir='ltr'>Deinde,</span> <span class='ocrx_word' id='word_1_10' title='bbox 426 730 529 792; x_wconf 87' lang='lat' dir='ltr'><strong>quum</strong></span> <span class='ocrx_word' id='word_1_11' title='bbox 560 707 617 770; x_wconf 90' lang='lat' dir='ltr'><strong>din</strong></span> <span class='ocrx_word' id='word_1_12' title='bbox 642 707 869 792; x_wconf 68' lang='lat' dir='ltr'>suspendisset</span> <span class='ocrx_word' id='word_1_13' title='bbox 897 707 1047 794; x_wconf 88' lang='lat' dir='ltr'><strong>judicum</strong></span> 
     </span>
     <span class='ocr_line' id='line_1_4' title="bbox 37 815 1047 901; baseline -0.001 -18"><span class='ocrx_word' id='word_1_14' title='bbox 37 821 188 894; x_wconf 75' lang='lat' dir='ltr'><strong>animos,</strong></span> <span class='ocrx_word' id='word_1_15' title='bbox 208 815 367 900; x_wconf 79' lang='lat' dir='ltr'><strong>subjecit,</strong></span> <span class='ocrx_word' id='word_1_16' title='bbox 403 817 493 901; x_wconf 92' lang='lat' dir='ltr'><strong>qnod</strong></span> <span class='ocrx_word' id='word_1_17' title='bbox 513 817 617 879; x_wconf 87' lang='lat' dir='ltr'><strong>multo</strong></span> <span class='ocrx_word' id='word_1_18' title='bbox 639 828 725 881; x_wconf 82' lang='lat' dir='ltr'><strong>esset</strong></span> <span class='ocrx_word' id='word_1_19' title='bbox 744 815 934 901; x_wconf 73' lang='lat' dir='ltr'>improbius.</span> <span class='ocrx_word' id='word_1_20' title='bbox 976 820 1047 883; x_wconf 74' lang='lat' dir='ltr'><strong>Hoc</strong></span> 
     </span>
     <span class='ocr_line' id='line_1_5' title="bbox 36 925 1047 1011; baseline -0.002 -20"><span class='ocrx_word' id='word_1_21' title='bbox 36 928 159 993; x_wconf 61' lang='lat' dir='ltr'><strong>cetius</strong></span> <span class='ocrx_word' id='word_1_22' title='bbox 176 928 431 988; x_wconf 72' lang='lat' dir='ltr'><em>sustentationem</em></span> <span class='ocrx_word' id='word_1_23' title='bbox 447 935 554 989; x_wconf 78' lang='lat' dir='ltr'><strong>vocnt.</strong></span> <span class='ocrx_word' id='word_1_24' title='bbox 568 960 611 973; x_wconf 93' lang='lat'>-</span> <span class='ocrx_word' id='word_1_25' title='bbox 625 962 668 974; x_wconf 91' lang='lat'><em>-</em></span> <span class='ocrx_word' id='word_1_26' title='bbox 709 925 774 987; x_wconf 87' lang='lat' dir='ltr'><strong>Sed</strong></span> <span class='ocrx_word' id='word_1_27' title='bbox 790 926 869 1011; x_wconf 78' lang='lat' dir='ltr'><strong>qnia</strong></span> <span class='ocrx_word' id='word_1_28' title='bbox 887 949 953 989; x_wconf 88' lang='lat' dir='ltr'><strong>non</strong></span> <span class='ocrx_word' id='word_1_29' title='bbox 971 935 1047 991; x_wconf 82' lang='lat' dir='ltr'><strong>tnu-</strong></span> 
     </span>
     <span class='ocr_line' id='line_1_6' title="bbox 35 1034 1049 1122; baseline -0.002 -21"><span class='ocrx_word' id='word_1_30' title='bbox 35 1048 113 1101; x_wconf 83' lang='lat' dir='ltr'><strong>tum</strong></span> <span class='ocrx_word' id='word_1_31' title='bbox 136 1057 195 1121; x_wconf 85' lang='lat' dir='ltr'><strong>per</strong></span> <span class='ocrx_word' id='word_1_32' title='bbox 216 1035 548 1099; x_wconf 74' lang='lat' dir='ltr'><strong>communicationem</strong></span> <span class='ocrx_word' id='word_1_33' title='bbox 569 1034 638 1096; x_wconf 80' lang='lat' dir='ltr'><strong>iteri</strong></span> <span class='ocrx_word' id='word_1_34' title='bbox 654 1035 759 1113; x_wconf 84' lang='lat' dir='ltr'><strong>solet,</strong></span> <span class='ocrx_word' id='word_1_35' title='bbox 780 1036 974 1122; x_wconf 68' lang='grc' dir='ltr'><strong><em>παράδοξον</em></strong></span> <span class='ocrx_word' id='word_1_36' title='bbox 993 1035 1049 1099; x_wconf 89' lang='lat' dir='ltr'><strong>nlii</strong></span> 
     </span>
     <span class='ocr_line' id='line_1_7' title="bbox 34 1143 1048 1230; baseline -0.003 -21"><span class='ocrx_word' id='word_1_37' title='bbox 34 1143 314 1220; x_wconf 74' lang='lat' dir='ltr'><strong>nominaverunt,</strong></span> <span class='ocrx_word' id='word_1_38' title='bbox 339 1143 372 1205; x_wconf 93' lang='lat' dir='ltr'><strong>id</strong></span> <span class='ocrx_word' id='word_1_39' title='bbox 386 1155 454 1219; x_wconf 79' lang='lat' dir='ltr'><strong>eut,</strong></span> <span class='ocrx_word' id='word_1_40' title='bbox 479 1146 687 1230; x_wconf 84' lang='lat' dir='ltr'><strong>inopinatum.</strong></span> <span class='ocrx_word' id='word_1_41' title='bbox 703 1180 741 1190; x_wconf 93' lang='lat'><em>-</em></span> <span class='ocrx_word' id='word_1_42' title='bbox 755 1178 798 1192; x_wconf 87' lang='lat'>—</span> <span class='ocrx_word' id='word_1_43' title='bbox 838 1144 945 1206; x_wconf 83' lang='lat' dir='ltr'><strong>Paene</strong></span> <span class='ocrx_word' id='word_1_44' title='bbox 962 1143 1048 1206; x_wconf 91' lang='lat' dir='ltr'><strong>idem</strong></span> 
     </span>
     <span class='ocr_line' id='line_1_8' title="bbox 32 1252 1051 1339; baseline 0 -20"><span class='ocrx_word' id='word_1_45' title='bbox 32 1254 117 1319; x_wconf 75' lang='lat' dir='ltr'><strong>fons</strong></span> <span class='ocrx_word' id='word_1_46' title='bbox 145 1262 196 1315; x_wconf 82' lang='lat' dir='ltr'><strong>est</strong></span> <span class='ocrx_word' id='word_1_47' title='bbox 223 1253 335 1330; x_wconf 87' lang='lat' dir='ltr'><strong>iliius,</strong></span> <span class='ocrx_word' id='word_1_48' title='bbox 368 1274 467 1335; x_wconf 82' lang='lat' dir='ltr'><strong>quum</strong></span> <span class='ocrx_word' id='word_1_49' title='bbox 481 1255 721 1339; x_wconf 83' lang='lat' dir='ltr'><strong>permissionem</strong></span> <span class='ocrx_word' id='word_1_50' title='bbox 741 1263 884 1333; x_wconf 81' lang='lat' dir='ltr'><strong>vocant,</strong></span> <span class='ocrx_word' id='word_1_51' title='bbox 916 1252 1051 1336; x_wconf 87' lang='lat' dir='ltr'><strong>quidem</strong></span> 
     </span>
     <span class='ocr_line' id='line_1_9' title="bbox 34 1358 1052 1446; baseline -0.002 -19"><span class='ocrx_word' id='word_1_52' title='bbox 34 1360 368 1427; x_wconf 74' lang='lat' dir='ltr'><strong>communicationis:</strong></span> <span class='ocrx_word' id='word_1_53' title='bbox 392 1362 591 1446; x_wconf 78' lang='lat' dir='ltr'><strong>cumulique</strong></span> <span class='ocrx_word' id='word_1_54' title='bbox 609 1362 687 1445; x_wconf 86' lang='lat' dir='ltr'><strong>ipsis</strong></span> <span class='ocrx_word' id='word_1_55' title='bbox 704 1358 868 1445; x_wconf 87' lang='lat' dir='ltr'><strong>judicibus</strong></span> <span class='ocrx_word' id='word_1_56' title='bbox 886 1362 1052 1446; x_wconf 82' lang='lat' dir='ltr'><strong>relinqui·</strong></span> 
     </span>
    </p>
   </div>
   <div class='ocr_carea' id='block_1_3' title="bbox 34 1468 1053 2001">
    <p class='ocr_par' dir='ltr' id='par_1_3' title="bbox 34 1468 1049 1673">
     <span class='ocr_line' id='line_1_10' title="bbox 34 1468 1049 1553; baseline 0 -20"><span class='ocrx_word' id='word_1_57' title='bbox 34 1490 114 1533; x_wconf 82' lang='lat' dir='ltr'><strong>mue</strong></span> <span class='ocrx_word' id='word_1_58' title='bbox 154 1469 376 1544; x_wconf 70' lang='lat' dir='ltr'><strong>aestimanda3</strong></span> <span class='ocrx_word' id='word_1_59' title='bbox 423 1469 536 1553; x_wconf 78' lang='lat' dir='ltr'><strong>eliqua</strong></span> <span class='ocrx_word' id='word_1_60' title='bbox 576 1490 816 1552; x_wconf 80' lang='lat' dir='ltr'><strong>nonnunquam</strong></span> <span class='ocrx_word' id='word_1_61' title='bbox 855 1468 1049 1533; x_wconf 71' lang='lat' dir='ltr'><strong>adversarii·</strong></span> 
     </span>
     <span class='ocr_line' id='line_1_11' title="bbox 35 1598 741 1673; baseline -0.003 -32"><span class='ocrx_word' id='word_1_62' title='bbox 35 1598 190 1665; x_wconf 81' lang='lat' dir='ltr'><strong>qnoque.</strong></span> <span class='ocrx_word' id='word_1_63' title='bbox 211 1613 254 1625; x_wconf 94' lang='lat'>-</span> <span class='ocrx_word' id='word_1_64' title='bbox 275 1614 315 1627; x_wconf 89' lang='lat'><strong>—-</strong></span> <span class='ocrx_word' id='word_1_65' title='bbox 732 1656 741 1673; x_wconf 34' lang='grc' dir='ltr'>ι</span> 
     </span>
    </p>

    <p class='ocr_par' dir='ltr' id='par_1_4' title="bbox 39 1685 1053 2001">
     <span class='ocr_line' id='line_1_12' title="bbox 102 1685 1051 1771; baseline 0.004 -24"><span class='ocrx_word' id='word_1_66' title='bbox 102 1688 198 1769; x_wconf 74' lang='lat' dir='ltr'><strong>Quae</strong></span> <span class='ocrx_word' id='word_1_67' title='bbox 215 1708 294 1750; x_wconf 76' lang='lat' dir='ltr'><strong>vero</strong></span> <span class='ocrx_word' id='word_1_68' title='bbox 311 1698 390 1751; x_wconf 83' lang='lat' dir='ltr'><strong>sunt</strong></span> <span class='ocrx_word' id='word_1_69' title='bbox 406 1685 563 1771; x_wconf 77' lang='lat' dir='ltr'><strong>ungendis</strong></span> <span class='ocrx_word' id='word_1_70' title='bbox 581 1685 765 1749; x_wconf 73' lang='lat' dir='ltr'><strong>adfectibus</strong></span> <span class='ocrx_word' id='word_1_71' title='bbox 785 1685 1051 1751; x_wconf 76' lang='lat' dir='ltr'><strong>accommodatae</strong></span> 
     </span>
     <span class='ocr_line' id='line_1_13' title="bbox 39 1795 1053 1881; baseline 0 -22"><span class='ocrx_word' id='word_1_72' title='bbox 39 1796 188 1881; x_wconf 68' lang='lat' dir='ltr'><strong>ligone,</strong></span> <span class='ocrx_word' id='word_1_73' title='bbox 221 1804 378 1858; x_wconf 78' lang='lat' dir='ltr'><strong>constent</strong></span> <span class='ocrx_word' id='word_1_74' title='bbox 408 1795 545 1856; x_wconf 81' lang='lat' dir='ltr'><strong>maxime</strong></span> <span class='ocrx_word' id='word_1_75' title='bbox 579 1797 791 1857; x_wconf 81' lang='lat' dir='ltr'><strong>simulatione.</strong></span> <span class='ocrx_word' id='word_1_76' title='bbox 842 1796 991 1880; x_wconf 85' lang='lat' dir='ltr'><strong>Namque</strong></span> <span class='ocrx_word' id='word_1_77' title='bbox 1018 1804 1053 1859; x_wconf 87' lang='lat' dir='ltr'><strong>et</strong></span> 
     </span>
     <span class='ocr_line' id='line_1_14' title="bbox 39 1901 1053 2001; baseline -0.001 -34"><span class='ocrx_word' id='word_1_78' title='bbox 39 1902 141 2001; x_wconf 59' lang='lat' dir='ltr'><strong>‚iunci</strong></span> <span class='ocrx_word' id='word_1_79' title='bbox 154 1923 228 1979; x_wconf 81' lang='lat' dir='ltr'><strong>nos,</strong></span> <span class='ocrx_word' id='word_1_80' title='bbox 248 1912 279 1965; x_wconf 88' lang='lat' dir='ltr'><strong>et</strong></span> <span class='ocrx_word' id='word_1_81' title='bbox 295 1902 446 1985; x_wconf 78' lang='lat' dir='ltr'><strong>gaudere,</strong></span> <span class='ocrx_word' id='word_1_82' title='bbox 461 1911 495 1964; x_wconf 85' lang='lat' dir='ltr'><strong>et</strong></span> <span class='ocrx_word' id='word_1_83' title='bbox 511 1902 637 1980; x_wconf 86' lang='lat' dir='ltr'><strong>timere,</strong></span> <span class='ocrx_word' id='word_1_84' title='bbox 659 1910 692 1964; x_wconf 87' lang='lat' dir='ltr'><strong>et</strong></span> <span class='ocrx_word' id='word_1_85' title='bbox 706 1901 869 1981; x_wconf 75' lang='lat' dir='ltr'><strong>admirari,</strong></span> <span class='ocrx_word' id='word_1_86' title='bbox 885 1912 918 1966; x_wconf 83' lang='lat' dir='ltr'><strong>et</strong></span> <span class='ocrx_word' id='word_1_87' title='bbox 931 1902 1053 1981; x_wconf 86' lang='lat' dir='ltr'><strong>dolere,</strong></span> 
     </span>
    </p>
   </div>
   <div class='ocr_carea' id='block_1_4' title="bbox 10 2008 1088 3404">
    <p class='ocr_par' dir='ltr' id='par_1_5' title="bbox 10 2008 1088 3404">
     <span class='ocr_line' id='line_1_15' title="bbox 38 2008 1053 2095; baseline -0.005 -18"><span class='ocrx_word' id='word_1_88' title='bbox 38 2022 74 2077; x_wconf 77' lang='lat' dir='ltr'><strong>et</strong></span> <span class='ocrx_word' id='word_1_89' title='bbox 88 2008 267 2093; x_wconf 76' lang='lat' dir='ltr'><strong>indignari,</strong></span> <span class='ocrx_word' id='word_1_90' title='bbox 286 2022 319 2072; x_wconf 87' lang='lat' dir='ltr'><strong>et</strong></span> <span class='ocrx_word' id='word_1_91' title='bbox 333 2020 458 2092; x_wconf 83' lang='lat' dir='ltr'><strong>optare,</strong></span> <span class='ocrx_word' id='word_1_92' title='bbox 480 2031 631 2093; x_wconf 76' lang='lat' dir='ltr'><strong>quaeque</strong></span> <span class='ocrx_word' id='word_1_93' title='bbox 645 2022 723 2073; x_wconf 82' lang='lat' dir='ltr'><strong>eunt</strong></span> <span class='ocrx_word' id='word_1_94' title='bbox 739 2011 859 2072; x_wconf 84' lang='lat' dir='ltr'><strong>similia</strong></span> <span class='ocrx_word' id='word_1_95' title='bbox 875 2011 938 2089; x_wconf 85' lang='lat' dir='ltr'><strong>his,</strong></span> <span class='ocrx_word' id='word_1_96' title='bbox 960 2010 1053 2095; x_wconf 81' lang='lat' dir='ltr'><strong>fingi·</strong></span> 
     </span>
     <span class='ocr_line' id='line_1_16' title="bbox 37 2117 1053 2203; baseline -0.001 -20"><span class='ocrx_word' id='word_1_97' title='bbox 37 2139 125 2183; x_wconf 80' lang='lat' dir='ltr'><strong>mut.</strong></span> <span class='ocrx_word' id='word_1_98' title='bbox 162 2117 265 2199; x_wconf 33' lang='lat' dir='ltr'><strong>&#39;Quod</strong></span> <span class='ocrx_word' id='word_1_99' title='bbox 288 2119 552 2181; x_wconf 74' lang='lat' dir='ltr'><strong>exclamationem</strong></span> <span class='ocrx_word' id='word_1_100' title='bbox 569 2117 702 2203; x_wconf 83' lang='lat' dir='ltr'><strong>quidum</strong></span> <span class='ocrx_word' id='word_1_101' title='bbox 720 2131 841 2182; x_wconf 76' lang='lat' dir='ltr'><strong>vocant</strong></span> <span class='ocrx_word' id='word_1_102' title='bbox 856 2127 1053 2203; x_wconf 71' lang='lat' dir='ltr'><strong>pontemque</strong></span> 
     </span>
     <span class='ocr_line' id='line_1_17' title="bbox 41 2210 1051 2312; baseline 0 -23"><span class='ocrx_word' id='word_1_103' title='bbox 41 2228 136 2291; x_wconf 83' lang='lat' dir='ltr'><strong>iuter</strong></span> <span class='ocrx_word' id='word_1_104' title='bbox 152 2210 272 2310; x_wconf 75' lang='lat' dir='ltr'><strong>&#39;ligurus</strong></span> <span class='ocrx_word' id='word_1_105' title='bbox 291 2226 460 2289; x_wconf 79' lang='lat' dir='ltr'><strong>orationis.</strong></span> <span class='ocrx_word' id='word_1_106' title='bbox 502 2228 590 2290; x_wconf 80' lang='lat' dir='ltr'><strong>Haec</strong></span> <span class='ocrx_word' id='word_1_107' title='bbox 610 2229 740 2312; x_wconf 79' lang='lat' dir='ltr'><strong>quoties</strong></span> <span class='ocrx_word' id='word_1_108' title='bbox 764 2249 837 2290; x_wconf 82' lang='lat' dir='ltr'><strong>reru</strong></span> <span class='ocrx_word' id='word_1_109' title='bbox 859 2236 955 2305; x_wconf 84' lang='lat' dir='ltr'><strong>sunt,</strong></span> <span class='ocrx_word' id='word_1_110' title='bbox 985 2247 1051 2289; x_wconf 90' lang='lat' dir='ltr'><strong>nou</strong></span> 
     </span>
     <span class='ocr_line' id='line_1_18' title="bbox 10 2333 1054 2420; baseline -0.005 -19"><span class='ocrx_word' id='word_1_111' title='bbox 10 2392 14 2409; x_wconf 87' lang='grc'><strong>,</strong></span> <span class='ocrx_word' id='word_1_112' title='bbox 41 2344 127 2401; x_wconf 77' lang='lat' dir='ltr'><strong>tunt</strong></span> <span class='ocrx_word' id='word_1_113' title='bbox 147 2334 181 2397; x_wconf 89' lang='lat' dir='ltr'><strong>iu</strong></span> <span class='ocrx_word' id='word_1_114' title='bbox 201 2356 238 2398; x_wconf 79' lang='lat' dir='ltr'><strong>en</strong></span> <span class='ocrx_word' id='word_1_115' title='bbox 260 2336 385 2413; x_wconf 82' lang='lat' dir='ltr'><strong>forma,</strong></span> <span class='ocrx_word' id='word_1_116' title='bbox 419 2334 458 2398; x_wconf 94' lang='lat' dir='ltr'><strong>de</strong></span> <span class='ocrx_word' id='word_1_117' title='bbox 477 2357 543 2418; x_wconf 82' lang='lat' dir='ltr'><strong>qun</strong></span> <span class='ocrx_word' id='word_1_118' title='bbox 560 2359 650 2399; x_wconf 90' lang='lat' dir='ltr'><strong>nunc</strong></span> <span class='ocrx_word' id='word_1_119' title='bbox 670 2335 859 2420; x_wconf 85' lang='lat' dir='ltr'><strong>loquimur;</strong></span> <span class='ocrx_word' id='word_1_120' title='bbox 894 2333 953 2398; x_wconf 85' lang='lat' dir='ltr'><strong>sed</strong></span> <span class='ocrx_word' id='word_1_121' title='bbox 972 2334 1054 2396; x_wconf 80' lang='lat' dir='ltr'><strong>ussi·</strong></span> 
     </span>
     <span class='ocr_line' id='line_1_19' title="bbox 10 2424 1055 2527; baseline -0.002 -18"><span class='ocrx_word' id='word_1_122' title='bbox 10 2424 13 2433; x_wconf 41' lang='lat'>¹</span> <span class='ocrx_word' id='word_1_123' title='bbox 42 2444 173 2509; x_wconf 75' lang='lat' dir='ltr'><strong>mulcta</strong></span> <span class='ocrx_word' id='word_1_124' title='bbox 193 2454 227 2507; x_wconf 88' lang='lat' dir='ltr'><strong>et</strong></span> <span class='ocrx_word' id='word_1_125' title='bbox 244 2455 313 2506; x_wconf 78' lang='lat' dir='ltr'><strong>crte</strong></span> <span class='ocrx_word' id='word_1_126' title='bbox 332 2443 512 2527; x_wconf 84' lang='lat' dir='ltr'><strong>composita</strong></span> <span class='ocrx_word' id='word_1_127' title='bbox 533 2443 649 2527; x_wconf 76' lang='lat' dir='ltr'><strong>procul</strong></span> <span class='ocrx_word' id='word_1_128' title='bbox 672 2442 771 2504; x_wconf 87' lang='lat' dir='ltr'><strong>dnbio</strong></span> <span class='ocrx_word' id='word_1_129' title='bbox 791 2444 956 2505; x_wconf 75' lang='lat' dir='ltr'><strong>schemate</strong></span> <span class='ocrx_word' id='word_1_130' title='bbox 975 2452 1055 2507; x_wconf 84' lang='lat' dir='ltr'><strong>eunt</strong></span> 
     </span>
     <span class='ocr_line' id='line_1_20' title="bbox 44 2549 1051 2630; baseline -0.008 -13"><span class='ocrx_word' id='word_1_131' title='bbox 44 2551 272 2617; x_wconf 71' lang='lat' dir='ltr'><strong>existimanda.</strong></span> <span class='ocrx_word' id='word_1_132' title='bbox 303 2552 399 2630; x_wconf 88' lang='lat' dir='ltr'><strong>Quod</strong></span> <span class='ocrx_word' id='word_1_133' title='bbox 416 2551 502 2614; x_wconf 90' lang='lat' dir='ltr'><strong>idem</strong></span> <span class='ocrx_word' id='word_1_134' title='bbox 517 2552 643 2613; x_wconf 89' lang='lat' dir='ltr'><strong>dictum</strong></span> <span class='ocrx_word' id='word_1_135' title='bbox 660 2551 701 2611; x_wconf 85' lang='lat' dir='ltr'><strong>sit</strong></span> <span class='ocrx_word' id='word_1_136' title='bbox 718 2550 757 2612; x_wconf 86' lang='lat' dir='ltr'><strong>de</strong></span> <span class='ocrx_word' id='word_1_137' title='bbox 773 2551 922 2613; x_wconf 81' lang='lat' dir='ltr'><strong>oratioue</strong></span> <span class='ocrx_word' id='word_1_138' title='bbox 937 2549 1051 2625; x_wconf 79' lang='lat' dir='ltr'><strong>libera,</strong></span> 
     </span>
     <span class='ocr_line' id='line_1_21' title="bbox 44 2658 1054 2747; baseline -0.004 -25"><span class='ocrx_word' id='word_1_139' title='bbox 44 2682 149 2747; x_wconf 83' lang='lat' dir='ltr'><strong>quom</strong></span> <span class='ocrx_word' id='word_1_140' title='bbox 173 2660 371 2722; x_wconf 80' lang='lat' dir='ltr'><strong>Cornificius</strong></span> <span class='ocrx_word' id='word_1_141' title='bbox 391 2662 417 2737; x_wconf 82' lang='lat'><strong>*)</strong></span> <span class='ocrx_word' id='word_1_142' title='bbox 444 2663 603 2722; x_wconf 82' lang='lat' dir='ltr'><strong>licentiam</strong></span> <span class='ocrx_word' id='word_1_143' title='bbox 632 2666 750 2736; x_wconf 80' lang='lat' dir='ltr'><strong>vocnt,</strong></span> <span class='ocrx_word' id='word_1_144' title='bbox 783 2658 900 2720; x_wconf 82' lang='lat' dir='ltr'><strong>Graeci</strong></span> <span class='ocrx_word' id='word_1_145' title='bbox 931 2659 1054 2738; x_wconf 77' lang='grc' dir='ltr'><strong><em>παῤῥη-</em></strong></span> 
     </span>
     <span class='ocr_line' id='line_1_22' title="bbox 45 2765 1053 2851; baseline -0.008 -17"><span class='ocrx_word' id='word_1_146' title='bbox 45 2771 137 2834; x_wconf 73' lang='lat' dir='ltr'><strong>uictu.</strong></span> <span class='ocrx_word' id='word_1_147' title='bbox 181 2768 270 2848; x_wconf 90' lang='lat' dir='ltr'><strong>Quid</strong></span> <span class='ocrx_word' id='word_1_148' title='bbox 287 2769 375 2831; x_wconf 87' lang='lat' dir='ltr'><strong>enim</strong></span> <span class='ocrx_word' id='word_1_149' title='bbox 397 2768 505 2830; x_wconf 90' lang='lat' dir='ltr'><strong>minus</strong></span> <span class='ocrx_word' id='word_1_150' title='bbox 523 2770 696 2851; x_wconf 82' lang='lat' dir='ltr'><strong>figuratum</strong></span> <span class='ocrx_word' id='word_1_151' title='bbox 707 2812 716 2844; x_wconf 92' lang='lat'><em>‚</em></span> <span class='ocrx_word' id='word_1_152' title='bbox 741 2789 840 2851; x_wconf 79' lang='lat' dir='ltr'><strong>quom</strong></span> <span class='ocrx_word' id='word_1_153' title='bbox 859 2787 935 2828; x_wconf 81' lang='lat' dir='ltr'><strong>vern</strong></span> <span class='ocrx_word' id='word_1_154' title='bbox 953 2765 1053 2826; x_wconf 88' lang='lat' dir='ltr'><strong>liber-</strong></span> 
     </span>
     <span class='ocr_line' id='line_1_23' title="bbox 45 2872 1052 2960; baseline -0.008 -19"><span class='ocrx_word' id='word_1_155' title='bbox 45 2878 117 2941; x_wconf 74' lang='lat' dir='ltr'><strong>mat</strong></span> <span class='ocrx_word' id='word_1_156' title='bbox 145 2877 210 2940; x_wconf 85' lang='lat' dir='ltr'><strong>Sed</strong></span> <span class='ocrx_word' id='word_1_157' title='bbox 220 2878 414 2960; x_wconf 81' lang='lat' dir='ltr'><strong>frequenter</strong></span> <span class='ocrx_word' id='word_1_158' title='bbox 429 2877 489 2937; x_wconf 87' lang='lat' dir='ltr'><strong>snb</strong></span> <span class='ocrx_word' id='word_1_159' title='bbox 506 2875 566 2938; x_wconf 83' lang='lat' dir='ltr'><strong>hac</strong></span> <span class='ocrx_word' id='word_1_160' title='bbox 582 2875 665 2937; x_wconf 80' lang='lat' dir='ltr'><strong>fecie</strong></span> <span class='ocrx_word' id='word_1_161' title='bbox 681 2875 762 2936; x_wconf 77' lang='lat' dir='ltr'><strong>latet</strong></span> <span class='ocrx_word' id='word_1_162' title='bbox 777 2872 930 2934; x_wconf 86' lang='lat' dir='ltr'><strong>adulatio.</strong></span> <span class='ocrx_word' id='word_1_163' title='bbox 982 2907 991 2920; x_wconf 91' lang='lat'><strong>·</strong></span> <span class='ocrx_word' id='word_1_164' title='bbox 1010 2905 1052 2919; x_wconf 90' lang='lat'><strong>--</strong></span> 
     </span>
     <span class='ocr_line' id='line_1_24' title="bbox 43 2980 1051 3067; baseline -0.011 -17"><span class='ocrx_word' id='word_1_165' title='bbox 43 2986 104 3050; x_wconf 81' lang='lat' dir='ltr'><strong>ltla</strong></span> <span class='ocrx_word' id='word_1_166' title='bbox 127 2985 236 3047; x_wconf 79' lang='lat' dir='ltr'><strong>adhuc</strong></span> <span class='ocrx_word' id='word_1_167' title='bbox 255 2984 450 3061; x_wconf 77' lang='lat' dir='ltr'><strong>audaciora,</strong></span> <span class='ocrx_word' id='word_1_168' title='bbox 483 2996 515 3046; x_wconf 89' lang='lat' dir='ltr'><strong>et</strong></span> <span class='ocrx_word' id='word_1_169' title='bbox 538 2981 696 3067; x_wconf 85' lang='lat' dir='ltr'><strong>majorum</strong></span> <span class='ocrx_word' id='word_1_170' title='bbox 726 2987 781 3062; x_wconf 87' lang='lat' dir='ltr'><strong>(ut</strong></span> <span class='ocrx_word' id='word_1_171' title='bbox 802 2981 918 3043; x_wconf 90' lang='lat' dir='ltr'><strong>Cicero</strong></span> <span class='ocrx_word' id='word_1_172' title='bbox 937 2980 1051 3063; x_wconf 80' lang='lat' dir='ltr'><strong>existi-</strong></span> 
     </span>
     <span class='ocr_line' id='line_1_25' title="bbox 41 3084 1051 3176; baseline -0.006 -17"><span class='ocrx_word' id='word_1_173' title='bbox 41 3084 133 3174; x_wconf 82' lang='lat' dir='ltr'><strong>mat)</strong></span> <span class='ocrx_word' id='word_1_174' title='bbox 152 3094 198 3173; x_wconf 70' lang='grc' dir='ltr'><strong>*Ἴ</strong></span> <span class='ocrx_word' id='word_1_175' title='bbox 220 3095 358 3156; x_wconf 83' lang='lat' dir='ltr'><strong>luterum</strong></span> <span class='ocrx_word' id='word_1_176' title='bbox 376 3094 525 3156; x_wconf 81' lang='lat' dir='ltr'><strong>fictiones</strong></span> <span class='ocrx_word' id='word_1_177' title='bbox 543 3112 766 3176; x_wconf 78' lang='lat' dir='ltr'><strong>personarum,</strong></span> <span class='ocrx_word' id='word_1_178' title='bbox 789 3111 874 3172; x_wconf 83' lang='lat' dir='ltr'><strong>quae</strong></span> <span class='ocrx_word' id='word_1_179' title='bbox 888 3112 1051 3175; x_wconf 74' lang='grc' dir='ltr'><strong>προςωπο·</strong></span> 
     </span>
     <span class='ocr_line' id='line_1_26' title="bbox 39 3195 1088 3281; baseline -0.011 -12"><span class='ocrx_word' id='word_1_180' title='bbox 39 3202 161 3269; x_wconf 70' lang='lat' dir='ltr'><strong>mortes</strong></span> <span class='ocrx_word' id='word_1_181' title='bbox 192 3200 358 3265; x_wconf 86' lang='lat' dir='ltr'><strong>dicuutur.</strong></span> <span class='ocrx_word' id='word_1_182' title='bbox 381 3208 384 3215; x_wconf 89' lang='lat'>&#39;</span> <span class='ocrx_word' id='word_1_183' title='bbox 408 3201 491 3263; x_wconf 87' lang='lat' dir='ltr'><strong>Mire</strong></span> <span class='ocrx_word' id='word_1_184' title='bbox 516 3221 658 3281; x_wconf 80' lang='lat' dir='ltr'><strong>namque</strong></span> <span class='ocrx_word' id='word_1_185' title='bbox 681 3221 757 3261; x_wconf 88' lang='lat' dir='ltr'><strong>cum</strong></span> <span class='ocrx_word' id='word_1_186' title='bbox 780 3197 909 3260; x_wconf 80' lang='lat' dir='ltr'><strong>variant</strong></span> <span class='ocrx_word' id='word_1_187' title='bbox 928 3195 1033 3257; x_wconf 83' lang='lat' dir='ltr'><strong>cretio</strong></span> <span class='ocrx_word' id='word_1_188' title='bbox 1085 3238 1088 3245; x_wconf 88' lang='lat'>-</span> 
     </span>
     <span class='ocr_line' id='line_1_27' title="bbox 41 3303 1049 3404; baseline -0.013 -30"><span class='ocrx_word' id='word_1_189' title='bbox 41 3334 146 3388; x_wconf 85' lang='lat' dir='ltr'><strong>nem,</strong></span> <span class='ocrx_word' id='word_1_190' title='bbox 176 3321 248 3372; x_wconf 88' lang='lat' dir='ltr'><strong>tum</strong></span> <span class='ocrx_word' id='word_1_191' title='bbox 275 3309 433 3404; x_wconf 55' lang='lat' dir='ltr'><strong>excitent²</strong></span> <span class='ocrx_word' id='word_1_192' title='bbox 478 3309 535 3370; x_wconf 81' lang='lat' dir='ltr'><strong>His</strong></span> <span class='ocrx_word' id='word_1_193' title='bbox 558 3307 658 3370; x_wconf 84' lang='lat' dir='ltr'><strong>etiam</strong></span> <span class='ocrx_word' id='word_1_194' title='bbox 680 3304 938 3368; x_wconf 84' lang='lat' dir='ltr'><strong>adversariorum</strong></span> <span class='ocrx_word' id='word_1_195' title='bbox 961 3303 1049 3384; x_wconf 79' lang='lat' dir='ltr'><strong>cogi·</strong></span> 
     </span>
    </p>
   </div>
   <div class='ocr_carea' id='block_1_5' title="bbox 10 3565 1049 4124">
    <p class='ocr_par' dir='ltr' id='par_1_6' title="bbox 76 3565 1049 4028">
     <span class='ocr_line' id='line_1_28' title="bbox 76 3565 1048 3649; baseline -0.013 -19"><span class='ocrx_word' id='word_1_196' title='bbox 76 3577 104 3649; x_wconf 82' lang='lat'><strong>&#39;)</strong></span> <span class='ocrx_word' id='word_1_197' title='bbox 128 3579 162 3635; x_wconf 87' lang='lat' dir='ltr'><strong>ln</strong></span> <span class='ocrx_word' id='word_1_198' title='bbox 176 3575 253 3629; x_wconf 90' lang='lat' dir='ltr'><strong>libris</strong></span> <span class='ocrx_word' id='word_1_199' title='bbox 267 3576 302 3630; x_wconf 91' lang='lat' dir='ltr'><strong>de</strong></span> <span class='ocrx_word' id='word_1_200' title='bbox 319 3579 382 3629; x_wconf 79' lang='lat' dir='ltr'><strong>Arte</strong></span> <span class='ocrx_word' id='word_1_201' title='bbox 402 3574 478 3630; x_wconf 77' lang='lat' dir='ltr'><strong>nhsr.</strong></span> <span class='ocrx_word' id='word_1_202' title='bbox 496 3571 661 3645; x_wconf 85' lang='lat' dir='ltr'><strong>deperditis;</strong></span> <span class='ocrx_word' id='word_1_203' title='bbox 688 3568 740 3625; x_wconf 85' lang='lat' dir='ltr'><strong>nisi</strong></span> <span class='ocrx_word' id='word_1_204' title='bbox 762 3568 891 3623; x_wconf 84' lang='lat' dir='ltr'><strong>malueris</strong></span> <span class='ocrx_word' id='word_1_205' title='bbox 907 3566 992 3620; x_wconf 83' lang='lat' dir='ltr'><strong>libros</strong></span> <span class='ocrx_word' id='word_1_206' title='bbox 1012 3565 1048 3618; x_wconf 80' lang='lat' dir='ltr'><strong>td</strong></span> 
     </span>
     <span class='ocr_line' id='line_1_29' title="bbox 132 3660 1048 3745; baseline -0.011 -20"><span class='ocrx_word' id='word_1_207' title='bbox 132 3660 318 3734; x_wconf 81' lang='lat' dir='ltr'><strong>Herennium,</strong></span> <span class='ocrx_word' id='word_1_208' title='bbox 346 3688 462 3745; x_wconf 87' lang='lat' dir='ltr'><strong>quorum</strong></span> <span class='ocrx_word' id='word_1_209' title='bbox 485 3669 515 3722; x_wconf 91' lang='lat' dir='ltr'><strong>in</strong></span> <span class='ocrx_word' id='word_1_210' title='bbox 536 3676 634 3742; x_wconf 78' lang='lat' dir='ltr'><strong>quarto</strong></span> <span class='ocrx_word' id='word_1_211' title='bbox 656 3666 696 3740; x_wconf 88' lang='lat' dir='ltr'><strong>(c.</strong></span> <span class='ocrx_word' id='word_1_212' title='bbox 716 3669 757 3721; x_wconf 85' lang='lat'><strong>36.</strong></span> <span class='ocrx_word' id='word_1_213' title='bbox 774 3663 835 3735; x_wconf 78' lang='lat'><strong>37.)</strong></span> <span class='ocrx_word' id='word_1_214' title='bbox 857 3673 946 3718; x_wconf 71' lang='lat' dir='ltr'><strong>exstat</strong></span> <span class='ocrx_word' id='word_1_215' title='bbox 967 3663 1048 3716; x_wconf 80' lang='lat' dir='ltr'><strong>locus</strong></span> 
     </span>
     <span class='ocr_line' id='line_1_30' title="bbox 131 3757 1049 3839; baseline -0.013 -19"><span class='ocrx_word' id='word_1_216' title='bbox 131 3766 259 3839; x_wconf 81' lang='lat' dir='ltr'><strong>copiosus</strong></span> <span class='ocrx_word' id='word_1_217' title='bbox 284 3766 319 3819; x_wconf 88' lang='lat' dir='ltr'><strong>de</strong></span> <span class='ocrx_word' id='word_1_218' title='bbox 340 3765 470 3828; x_wconf 83' lang='lat' dir='ltr'><strong>licentia,</strong></span> <span class='ocrx_word' id='word_1_219' title='bbox 499 3781 562 3817; x_wconf 88' lang='lat' dir='ltr'><strong>cum</strong></span> <span class='ocrx_word' id='word_1_220' title='bbox 582 3762 677 3816; x_wconf 87' lang='lat' dir='ltr'><strong>multis</strong></span> <span class='ocrx_word' id='word_1_221' title='bbox 698 3761 764 3814; x_wconf 85' lang='lat' dir='ltr'><strong>huic</strong></span> <span class='ocrx_word' id='word_1_222' title='bbox 787 3760 817 3817; x_wconf 84' lang='lat' dir='ltr'><strong>L.</strong></span> <span class='ocrx_word' id='word_1_223' title='bbox 835 3759 981 3812; x_wconf 85' lang='lat' dir='ltr'><strong>Comificio</strong></span> <span class='ocrx_word' id='word_1_224' title='bbox 999 3757 1049 3810; x_wconf 85' lang='lat' dir='ltr'><strong>tri·</strong></span> 
     </span>
     <span class='ocr_line' id='line_1_31' title="bbox 129 3853 1044 3916; baseline -0.013 -2"><span class='ocrx_word' id='word_1_225' title='bbox 129 3861 237 3914; x_wconf 62' lang='lat' dir='ltr'><strong>linere·</strong></span> <span class='ocrx_word' id='word_1_226' title='bbox 261 3860 304 3916; x_wconf 78' lang='lat' dir='ltr'><strong>Cf.</strong></span> <span class='ocrx_word' id='word_1_227' title='bbox 326 3861 443 3912; x_wconf 81' lang='lat' dir='ltr'><strong>Fabricii</strong></span> <span class='ocrx_word' id='word_1_228' title='bbox 463 3858 532 3911; x_wconf 86' lang='lat' dir='ltr'><strong>Bibl.</strong></span> <span class='ocrx_word' id='word_1_229' title='bbox 558 3860 616 3910; x_wconf 78' lang='lat' dir='ltr'><strong>Lat.</strong></span> <span class='ocrx_word' id='word_1_230' title='bbox 643 3856 678 3910; x_wconf 87' lang='lat' dir='ltr'><strong>de</strong></span> <span class='ocrx_word' id='word_1_231' title='bbox 700 3854 775 3908; x_wconf 84' lang='lat' dir='ltr'><strong>libris</strong></span> <span class='ocrx_word' id='word_1_232' title='bbox 799 3854 833 3906; x_wconf 79' lang='lat' dir='ltr'><strong>cd</strong></span> <span class='ocrx_word' id='word_1_233' title='bbox 859 3853 1044 3913; x_wconf 79' lang='lat' dir='ltr'><strong>Herennium,</strong></span> 
     </span>
     <span class='ocr_line' id='line_1_32' title="bbox 130 3953 627 4028; baseline -0.012 -20"><span class='ocrx_word' id='word_1_234' title='bbox 130 3956 203 4010; x_wconf 85' lang='lat' dir='ltr'><strong>inter</strong></span> <span class='ocrx_word' id='word_1_235' title='bbox 216 3955 317 4028; x_wconf 76' lang='lat' dir='ltr'><strong>scripta</strong></span> <span class='ocrx_word' id='word_1_236' title='bbox 332 3954 469 4009; x_wconf 81' lang='lat' dir='ltr'><strong>Ciceronis</strong></span> <span class='ocrx_word' id='word_1_237' title='bbox 483 3953 627 4007; x_wconf 85' lang='lat' dir='ltr'><strong>rhetorica.</strong></span> 
     </span>
    </p>

    <p class='ocr_par' dir='ltr' id='par_1_7' title="bbox 10 4051 310 4124">
     <span class='ocr_line' id='line_1_33' title="bbox 10 4051 310 4124; baseline -0.017 -19"><span class='ocrx_word' id='word_1_238' title='bbox 10 4066 24 4097; x_wconf 72' lang='lat' dir='ltr'><em>t</em></span> <span class='ocrx_word' id='word_1_239' title='bbox 55 4052 102 4124; x_wconf 70' lang='lat' dir='ltr'><strong>“J</strong></span> <span class='ocrx_word' id='word_1_240' title='bbox 128 4051 205 4103; x_wconf 72' lang='lat' dir='ltr'><strong>Oret.</strong></span> <span class='ocrx_word' id='word_1_241' title='bbox 224 4064 247 4103; x_wconf 84' lang='lat' dir='ltr'><strong>c.</strong></span> <span class='ocrx_word' id='word_1_242' title='bbox 268 4051 310 4104; x_wconf 80' lang='lat'><strong>25.</strong></span> 
     </span>
    </p>
   </div>
   <div class='ocr_carea' id='block_1_6' title="bbox 0 0 1327 4800">
    <p class='ocr_par' dir='ltr' id='par_1_8' title="bbox 0 0 1327 4800">
     <span class='ocr_line' id='line_1_34' title="bbox 0 0 1327 4800; baseline 0 0"><span class='ocrx_word' id='word_1_243' title='bbox 0 0 1327 4800; x_wconf 95' lang='lat' dir='ltr'><strong> </strong></span> 
     </span>
    </p>
   </div>
  </div>
 </body>
</html>
