2610 4800
631 431 707 508 tit

167 626 315 706 πλησίω
343 629 456 694 iouia·
494 629 588 708 olor,
624 632 772 707 πλοῦτος
799 592 1017 708 aot'aatitoa
1043 632 1174 716 μᾶλλον

168 736 297 820 ’ὑγιείας
315 737 352 815 *).

609 923 634 1002 5·
676 925 728 988 28.

163 1050 166 1055 ⁵
198 1061 250 1126 De
270 1050 388 1141 modo,
412 1074 479 1146 quo
500 1056 536 1122 iu
557 1059 699 1126 dicendo
721 1060 857 1123 affectus
879 1060 1044 1123 tractandi
1067 1060 1143 1125 aiut.

470 1255 568 1308 Cicero
609 1248 664 1326 (de
687 1261 753 1307 orat.
775 1253 794 1306 l.
820 1220 876 1323 Il.)

231 1378 334 1464 Atqui
365 1379 392 1442 ai
427 1379 472 1442 ita
502 1381 628 1464 placet,
659 1381 825 1443 trademus
851 1382 968 1461 etiam,
1001 1404 1086 1466 qnae
1112 1403 1172 1446 noo

165 1489 265 1572 aequi
294 1487 419 1568 (scilic.
450 1489 537 1550 circa
563 1488 741 1550 movendos
768 1490 921 1567 affectus)
948 1491 980 1552 in
1008 1490 1171 1570 dicendo,

165 1608 322 1681 quaeque
341 1596 478 1659 maxime
497 1605 645 1680 spectare
664 1596 818 1657 solemus.
859 1599 981 1660 Docuit
1002 1599 1090 1660 enim
1107 1598 1172 1682 jam

144 1762 150 1783 .
166 1724 231 1768 noa
248 1703 345 1787 longa
359 1703 427 1765 vitu
441 1724 587 1787 ususque
602 1725 711 1766 rernm
726 1704 955 1783 maximarum,
978 1713 1028 1784 ut,
1051 1707 1171 1789 quibus

137 1813 266 1877 'reboo
285 1812 385 1874 animi
408 1813 578 1877 hominum
599 1802 829 1890 moverentur,
852 1822 1050 1876 teneremus.
1071 1821 1119 1894 (c.
1135 1816 1171 1878 L.

163 1920 300 2005 asoa-i
773 2012 778 2017 ,
1014 1928 1018 1933 ·

228 2026 392 2111 Equidem
425 2027 568 2111 primum
601 2028 809 2091 considerare
841 2027 951 2106 soleo,
982 2028 1171 2112 postuletne

166 2157 279 2201 cantu
319 2136 400 2198 Nam
419 2135 527 2219 patuis
544 2134 578 2198 in
595 2137 692 2199 rebus
711 2136 911 2198 adhibendae
928 2157 993 2197 uon
1015 2148 1093 2199 sunt
1109 2136 1171 2200 bae

166 2242 301 2307 dicendi
325 2244 412 2305 sacca
426 2287 436 2322 ,
473 2266 514 2306 ue
541 2244 692 2319 irrisione
717 2243 807 2328 digni
832 2254 1005 2328 putemur,
1043 2242 1072 2305 ai
1101 2255 1172 2307 tra·

164 2351 299 2437 goediaa
323 2372 454 2436 agamus
475 2350 508 2412 in
533 2352 638 2434 ungis.
658 2389 699 2399 —
741 2352 905 2414 Sentimua
927 2372 1069 2413 amorem
1088 2373 1171 2412 con-

132 2478 141 2490 '
165 2460 296 2539 ciliani,
320 2461 346 2523 ai
367 2460 400 2522 id
416 2458 564 2539 videare,
588 2461 677 2544 quod
695 2460 739 2523 sit
760 2461 841 2523 utile
860 2460 960 2544 ipsiu,
982 2459 1067 2545 apud
1086 2481 1169 2543 quoa

165 2590 262 2653 agan,
287 2567 479 2641 defendere;
503 2568 531 2630 si
547 2579 604 2631 aut
621 2591 680 2652 pro
698 2568 795 2631 honio
811 2569 902 2646 viria,
927 2578 983 2630 aut
999 2579 1089 2632 certe
1109 2589 1169 2652 pro

165 2677 231 2756 iia,
262 2677 318 2760 qui
337 2677 401 2738 illis
421 2676 500 2737 boni
518 2688 617 2760 atque
642 2677 739 2739 utiles
763 2678 848 2754 sint,
871 2678 1028 2738 laborare.
1070 2678 1171 2738 Nam·

166 2782 340 2871 que'huec
363 2805 416 2847 rea
447 2807 588 2847 amorem
614 2786 714 2868 magis
743 2787 920 2873 concilijat,
955 2786 1009 2847 illa
1035 2783 1168 2847 virtutis

165 2893 315 2957 defensio
341 2893 511 2956 caritatem
522 2919 530 2967 ς
563 2894 706 2977 plusque
736 2893 885 2975 proficit,
917 2894 942 2954 si
971 2895 1170 2976 proponitur

166 3023 241 3086 apen
260 3001 413 3064 utilitatis
433 3003 581 3080 futurae,
606 3025 704 3086 quam
723 3001 890 3084 praeteriti
911 3001 1063 3062 beneficii
1086 3022 1171 3062 com·

165 3110 368 3173 memoratio.
410 3109 610 3172 Enitendum
631 3122 699 3189 est,
734 3119 770 3169 ut
792 3108 967 3184 ostendas,
998 3108 1031 3167 in
1056 3130 1092 3170 ea
1113 3129 1169 3184 re,

166 3238 268 3302 quam
282 3217 453 3294 defendas,
477 3229 533 3280 aut
548 3219 740 3301 dignitatem
756 3218 875 3294 inesse,
899 3226 955 3276 aut
972 3215 1176 3295 utilitateme

166 3345 328 3410 eumque,
352 3325 405 3385 cni
425 3327 582 3389 concilies
598 3326 686 3388 hunc
701 3347 860 3401 amorem,
885 3324 1060 3406 significes,
1085 3323 1168 3384 nihil
1245 3403 1250 3410 ·

164 3432 210 3494 ad
227 3432 404 3495 utilitatem
422 3455 514 3496 suam
531 3435 700 3513 retulisse,
734 3455 772 3495 ac
794 3434 876 3494 nihil
898 3433 1030 3494 omnino
1048 3430 1167 3494 secisse

171 3609 530 3627 Μ

183 3694 227 3770 .*)
255 3697 412 3751 Aemulatio
432 3706 523 3750 autem
543 3697 693 3768 dupliciter
710 3695 759 3748 illa
778 3696 891 3769 quidein
909 3696 1023 3760 dicitnr,
1045 3704 1076 3748 ut
1093 3694 1166 3750 etin

252 3791 337 3846 laude
354 3794 426 3845 etin
445 3793 512 3845 vitio
528 3811 626 3844 nomen
644 3791 696 3843 hoc
714 3792 757 3846 sit.
794 3792 861 3842 Nam
880 3801 907 3844 et
925 3792 1041 3844 imitatio
1058 3790 1165 3843 vianti·

254 3887 403 3943 aemulatio
420 3890 533 3941 dicitur:
552 3888 601 3942 aed
618 3905 649 3940 ea
664 3886 733 3940 nihil
750 3886 881 3940 hocloco
900 3887 1014 3955 utimur3
1036 3895 1076 3941 eat
1093 3886 1166 3953 enim

253 3982 357 4037 laudis:
376 3991 405 4037 et
420 3992 462 4037 eat
476 3983 625 4038 aemulatio
641 3981 797 4050 aegritudo,
818 3982 839 4035 oi
856 4000 907 4047 eo,
927 3982 1002 4055 quod
1016 3981 1166 4051 concupie-
1270 3984 1284 4005 “

253 4078 305 4145 uit,
325 4079 396 4133 oliuo
412 4078 548 4153 potiatur,
568 4079 626 4152 ipae
643 4085 742 4135 careat
778 4077 856 4148 (Cic.
870 4077 888 4133 l.
906 4094 929 4134 c.
944 4078 965 4133 l.
982 4079 1021 4133 tv
1046 4095 1069 4133 e·
1086 4073 1132 4143 8.)
