2610 4800
604 461 685 537 508

147 659 320 723 (statoriam
351 659 418 719 rim
435 658 549 718 inanis
578 658 734 741 quaedam
759 655 956 740 profluentia
975 658 1110 743 loquendi
1137 688 1140 693 ·

146 767 269 829 Studiis
297 778 404 829 autem
432 767 526 826 bonis
555 765 672 825 similia
698 765 852 827 videntur
872 787 928 843 ea,
964 776 1113 848 quaesunt

146 874 181 932 in
218 872 329 935 eodem
377 894 493 956 genere
531 871 638 931 nimia.
699 873 917 950 Quamobrem
958 872 1057 933 omnis
1081 872 1114 935 rit

148 978 305 1040 laudandi
336 979 610 1062 vituperandique
643 1000 680 1040 ex
716 979 766 1039 his
805 990 954 1041 sumetur
987 980 1116 1041 virtntnn

151 1088 373 1170 vitiorumque
405 1088 568 1171 partibus:
608 1087 665 1148 sed
700 1088 733 1146 in
765 1096 835 1147 toto
865 1086 960 1170 qnasi
991 1082 1129 1149 contextu¹

149 1195 321 1257 orationis·
342 1195 422 1256 haee
451 1206 550 1257 erunt
577 1195 772 1255 illustranda
796 1195 951 1272 maxime,
991 1194 1120 1279 quemad·

149 1304 279 1364 modum
296 1302 435 1385 quisque
456 1312 646 1384 generatus,
672 1302 944 1383 quemadmodum
964 1303 1119 1379 educatus,

150 1408 421 1493 quemadmodum
446 1408 617 1470 institutus
645 1419 855 1491 moratusque
886 1409 1004 1471 fuerit:
1033 1420 1079 1486 et,
1102 1408 1120 1469 si

102 1568 104 1575 ,
152 1502 235 1600 quid
252 1516 305 1577 oui
324 1536 494 1598 magnum,
517 1527 573 1577 aut
592 1516 781 1578 incredibile
798 1517 976 1592 acciderit,
999 1518 1122 1579 maxine

152 1647 237 1707 que,
274 1624 301 1684 si
327 1623 360 1684 id
386 1624 544 1684 divinitus
570 1624 728 1686 accidisse
754 1624 897 1707 potuerit
920 1625 1043 1687 videri:
1073 1636 1122 1688 tun

153 1732 240 1815 quod
259 1710 401 1814 quisque
422 1732 572 1806 senserit,
595 1731 725 1808 dixerit,
748 1732 903 1814 gesserit,
928 1733 970 1794 ad
987 1754 1041 1808 ea,
1061 1750 1123 1815 qni·

152 1840 319 1923 proposita
345 1850 441 1916 sunt,
472 1839 630 1900 virtutum
653 1860 770 1933 genera
792 1839 1121 1915 accommodabuntur,

153 1969 191 2009 ex
224 1946 287 2007 illis
320 1947 436 2008 iisdem
469 1946 656 2008 inveniendi
691 1946 772 2008 locis
804 1968 940 2025 causae,
975 1952 1122 2009 resumet

151 2064 290 2117 eventus
323 2065 355 2116 et
382 2055 621 2135 consequentia
655 2054 874 2136 requirentur.
926 2057 1042 2138 Neque
1066 2072 1146 2125 vers,

154 2146 241 2221 mors
259 2183 390 2238 eornm,
415 2178 562 2242 ¹,quorum
584 2161 649 2223 vita
669 2160 870 2238 laudabitur,
902 2164 1037 2225 silentio
1054 2180 1122 2246 pne·

154 2269 247 2329 teriri
271 2269 416 2342 debebit;
449 2269 475 2329 si
500 2269 596 2329 modo
618 2267 698 2351 quid
721 2268 783 2331 erit
805 2269 1122 2343 animadvertendum,

137 2387 212 2436 'aut
239 2377 273 2436 in
301 2377 373 2457 ipso
399 2396 516 2457 genere
537 2376 685 2454 mortis,
702 2387 758 2437 aut
783 2377 817 2436 in
842 2377 880 2437 iis
912 2378 1031 2455 rebus,
1061 2393 1124 2460 quse

156 2493 388 2565 postmortem
409 2493 505 2544 erunt
526 2494 749 2568 consequutus
771 2460 807 2561 l).

342 2643 549 2711 Quintilianus.
584 2643 621 2713 (l.
637 2645 689 2715 Ill.
705 2660 728 2695 c.
746 2659 768 2710 7.
787 2644 808 2708 b.
826 2646 858 2696 23
873 2644 968 2714 seqq.)

148 2762 154 2769 ’
221 2763 382 2823 Interesse
411 2774 520 2824 tamen
552 2763 746 2824 Aristoteles
772 2772 885 2847 putat,
920 2764 976 2823 ubi
1005 2762 1129 2847 quidque

155 2870 326 2947 laudetur,
351 2884 408 2932 aut
425 2872 628 2955 vituperetur
645 2873 698 2949 **).
739 2860 820 2932 Na'm
841 2871 1020 2955 plurimum
1039 2860 1140 2945 refut}

157 2979 216 3061 qui
246 2979 312 3041 sint
346 2978 548 3041 audientium
578 3001 705 3056 mores,
746 3001 828 3061 qnae
857 2978 988 3061 publice
1021 2972 1162 3063 receplfl‘

88 3084 91 3089 ’
156 3086 337 3170 persuasio:
362 3095 398 3147 ut
418 3087 474 3146 illa
491 3089 647 3164 maxime,
672 3109 755 3169 quae
774 3087 932 3169 probant,
958 3109 1030 3149 esse
1047 3088 1078 3148 in
1094 3106 1134 3159 eo,
1155 3140 1162 3151 .

159 3193 217 3276 qni
249 3194 453 3272 laudabitur,
489 3197 643 3269 credant;
680 3208 736 3258 aut
764 3198 795 3257 in
823 3220 879 3271 eo,
912 3208 1030 3260 contra
1053 3214 1136 3279 quen

158 3302 323 3380 dicemus,
358 3325 413 3380 ea,
444 3326 526 3386 qnae
559 3305 707 3367 oderunt.
752 3308 799 3366 lta
826 3302 898 3365 non
921 3305 1058 3375 dubium
1086 3300 1137 3364 erit

156 3409 327 3496 judicium,
351 3409 440 3490 qnod
457 3410 871 3494 orationem-praecesserit.
893 3414 1045 3495 Ipsorum
1055 3408 1139 3472 etism

158 3516 382 3602 permiscenda
412 3515 484 3578 laus
509 3539 636 3600 semper
660 3524 754 3596 (nam
780 3517 814 3577 id
833 3516 1011 3579 benevolos
1033 3517 1138 3592 facit),

135 3625 288 3713 ‘quoties
316 3632 424 3685 autern
455 3624 525 3685 fieri
553 3625 691 3707 poterit,
726 3624 801 3685 cum
831 3624 982 3687 materiae
1010 3624 1162 3713 utilitato¹

159 3728 331 3813 jungenda.
384 3731 494 3790 Minus
536 3732 776 3793 Lacedaemone
814 3732 922 3794 studia
961 3732 1139 3805 literarum,

160 3840 259 3918 'quam
280 3839 437 3917 Athenis,
471 3838 604 3900 honoris
624 3841 850 3901 merebuntur:
881 3838 954 3923 plus
976 3839 1162 3923 patientis,-

210 4026 234 4097 *)
250 4029 291 4081 Gt.
313 4032 421 4084 omniuo
438 4034 550 4087 Aristus.
571 4032 647 4084 Rhea.
666 4034 686 4082 1.
707 4047 729 4085 c.
745 4050 770 4102 9.
865 4094 867 4099 ,
954 4040 958 4051 “

198 4122 235 4191 '')
254 4128 337 4179 Arist.
355 4126 431 4179 Rhet.
449 4127 471 4177 Ι.
487 4143 512 4180 c.
528 4144 552 4195 9.
570 4128 592 4192 l·
609 4129 651 4179 30.
689 4122 815 4182 Σκοπεῖν
836 4127 867 4184 di
889 4133 972 4201 aui,
985 4130 1052 4203 παρ’
1071 4126 1139 4191 nit&

252 4239 375 4287 επαιυος.
