2610 4800
575 398 657 477 447

141 600 182 663 ssi
198 623 273 678 σοι,
301 599 459 683 καθάπιρ
479 602 513 671 la
533 602 684 684 Sesispo,
714 601 824 664 καλῶν
841 601 1004 682 σωμάτων
1025 601 1114 677 ἰδέας

139 708 320 795 limogias,
352 708 410 769 καὶ
430 715 488 781 τῆς
506 707 636 771 ἐκείνων
661 713 767 790 ψυχῆς
788 708 1043 783 ἀπανθίζεσθαι
1071 710 1113 773 τὸ

141 850 474 871 ——n———u—
902 844 911 871 b

200 928 290 991 enim,
316 927 358 991 si,
385 908 883 999 quoingenereplurimnm'posset,
913 926 942 978 in
958 944 990 980 eo
1005 908 1116 993 magno·
1151 974 1162 997 Ι

199 1039 263 1095 pere
279 1021 455 1089 elaborasset,
476 1021 606 1088 egregium
622 1020 671 1072 sibi
685 1038 753 1090 opus
766 1021 815 1071 illo
829 1021 856 1070 in
868 1022 931 1073 fano
944 1022 1114 1085 relicturum,

199 1135 291 1188 neque
306 1127 363 1169 tum
377 1135 422 1170 eos
437 1115 485 1166 illa
500 1115 591 1185 opinio
606 1114 712 1167 fefellit.
749 1114 816 1165 llam
833 1117 929 1167 Zeuxis
944 1117 1019 1168 illico
1032 1134 1118 1188 quae·

199 1212 263 1264 sivit
285 1210 320 1262 ab
342 1211 397 1275 eis,
431 1216 563 1282 quisnam
583 1209 699 1276 virgines
726 1209 852 1261 formosas
875 1209 1018 1266 baberent.
1070 1213 1117 1264 Illi

195 1316 292 1375 autem
313 1306 405 1359 stasim
422 1304 559 1358 hominem
582 1304 722 1357 duxerunt
737 1304 765 1355 iu
781 1304 960 1375 palaestram,
989 1315 1074 1378 atque
1091 1308 1117 1361 ei

198 1418 297 1474 pueros
321 1400 502 1454 ostenderunt
526 1399 646 1463 multos,
682 1415 777 1466 magna
806 1401 943 1471 praeditos
973 1401 1115 1469 dignitate.

199 1496 326 1568 (Etenim
346 1496 466 1568 quodam
489 1503 612 1566 tempore
634 1494 809 1547 Crotoniatae
831 1495 948 1547 multum
972 1497 1114 1566 omnibus,

154 1582 157 1587 ⁸
198 1607 342 1662 corporum
356 1590 459 1643 viribus
477 1600 505 1643 et
522 1589 702 1657 dignitatibus
718 1599 938 1653 antesteternnt,
966 1601 1050 1662 atque
1064 1592 1115 1643 lro·

196 1686 361 1739 nesrisunas
383 1703 418 1739 ex
444 1684 570 1753 gymnico
595 1685 744 1737 certamino
770 1685 896 1737 victorius
922 1685 1032 1738 domum
1052 1678 1115 1739 curn

198 1781 316 1834 maxime
340 1779 425 1832 ldude
448 1776 628 1848 retulerunt).
667 1779 737 1831 Cum
753 1797 898 1849 puerorum
915 1779 997 1846 igitur
1018 1781 1115 1834 formas

199 1884 228 1928 et
243 1890 355 1946 corporo
371 1891 468 1941 magno
484 1873 529 1926 hic
544 1890 624 1944 opere
640 1873 795 1927 miraretur:
832 1875 953 1937 Horum,
973 1876 1114 1949 inquiunt,

199 1987 301 2024 sorores
318 1979 383 2022 sunt
395 1968 468 2040 apud
484 1986 550 2033 nos,
570 1969 700 2036 virgines;
722 1986 823 2041 quare,
844 1987 897 2041 qua
911 1969 965 2022 sint
980 1970 1044 2023 illae
1058 1971 1117 2039 dig·

198 2064 298 2129 nitate,
318 2073 396 2137 potes
410 2080 445 2116 ex
456 2063 497 2117 his
509 2063 645 2133 suspicari.
672 2063 803 2116 Praebete
814 2065 896 2132 igitur
907 2064 984 2130 mihi,
1000 2083 1114 2136 quaeso,

197 2159 309 2231 inquit,
337 2175 371 2211 ex
395 2158 453 2211 istis
474 2157 623 2225 virginibus
643 2157 860 2222 formosissimus,
888 2159 952 2211 dum
971 2160 1115 2231 pingo'id,

198 2256 275 2328 quod
296 2253 437 2326 pollicitus
458 2271 518 2306 sum
535 2253 629 2318 vobis,
662 2261 695 2310 ut
717 2263 824 2306 mutum
840 2255 869 2306 in
889 2255 1063 2308 simulacrum
1081 2274 1115 2309 ex

197 2349 322 2419 animali„
335 2348 461 2420 exemplo
484 2349 583 2402 veritas
608 2350 793 2401 transferatur.
836 2350 915 2402 Tunc
939 2349 1116 2405 Crotoniatae

165 2476 170 2487 ι
196 2444 309 2515 publico
332 2440 365 2496 ds
383 2443 502 2497 consilio
517 2442 633 2510 virgines
650 2462 736 2495 unum
756 2444 785 2497 in
801 2444 900 2497 locum
911 2446 1114 2511 conduxerunt,

199 2549 229 2593 ct
250 2538 365 2610 pictori,
399 2555 467 2608 quas
492 2537 596 2602 vellet,
631 2538 750 2606 eligendi
778 2549 944 2610 potestatem
972 2541 1117 2599 dederunt.

199 2633 253 2688 llle
267 2643 359 2686 autem
374 2632 498 2704 quinque
512 2632 630 2700 delegit3
658 2650 772 2702 quarum
788 2634 898 2685 nomino
920 2634 1001 2686 multi
1017 2642 1116 2706 poetae

198 2727 345 2783 memoriae
362 2726 551 2792 tradiderunt,
580 2725 656 2798 qnod
673 2729 731 2794 ejus
748 2738 838 2781 essent
855 2729 958 2795 judicio
974 2729 1116 2800 probatae,

200 2822 250 2895 qui
268 2822 434 2877 verissimum
452 2819 665 2892 pulchritudinis
687 2820 788 2876 bebere
808 2822 943 2890 judicium
957 2823 1113 2891 debuisset3

199 2935 293 2989 neque
310 2917 383 2970 enim
397 2908 522 2987 putarit,
551 2919 658 2981 omnia,
686 2935 757 2989 quoe
772 2927 917 2989 quaereret
936 2919 971 2970 ad
988 2926 1117 2971 venustu-

200 3022 275 3077 tem,
301 3031 357 3065 uno
372 3013 400 3064 in
416 3029 528 3083 corpore
544 3031 573 3065 se
587 3012 703 3087 reperire
716 3031 810 3084 posse,
837 3013 917 3077 idco,
952 3014 1028 3084 quod
1047 3012 1116 3065 nihil

200 3107 317 3179 simplici
339 3107 368 3160 in
387 3125 485 3175 genere
501 3108 574 3160 omni
591 3124 624 3160 er
640 3117 716 3179 parte
727 3108 880 3179 proficuam
896 3117 994 3161 natura
1012 3106 1117 3178 expoli-

201 3204 256 3271 vit,
277 3204 383 3275 itaque,
407 3212 539 3274 tanquam
553 3203 650 3256 ceteris
664 3221 719 3255 non
735 3203 770 3255 sit
787 3202 914 3256 habiture
929 3204 1005 3275 quod
1020 3203 1117 3271 largia-

199 3306 262 3362 tur,
289 3298 311 3350 si
326 3298 374 3349 uni
388 3307 489 3350 cuncta
504 3298 686 3361 concesserit,
714 3280 791 3350 aliud
808 3299 854 3349 alii
871 3299 1005 3350 commodi
1022 3297 1115 3367 aliquo

200 3392 334 3458 adjuncto
359 3393 532 3447 incommodo
556 3403 721 3446 muneratur.
757 3392 838 3464 (Cap.
863 3389 906 3462 a.)
941 3393 1022 3462 Quod
1044 3411 1114 3463 quo·

202 3487 277 3541 niam
298 3486 377 3540 nobis
398 3506 509 3560 qnoque
530 3488 680 3541 voluntatis
701 3488 818 3552 accidit,
848 3497 880 3540 ut
902 3497 985 3540 artem
1003 3487 1114 3557 dicendi

198 3583 434 3656 perscriberemus,
455 3603 510 3637 non
524 3592 609 3637 u'num
622 3578 736 3656 aliquod
747 3584 935 3655 proposuimus
947 3583 1112 3654 exemplum,

198 3682 279 3748 cujus
295 3697 388 3734 omnes
403 3691 509 3753 partes,
538 3670 714 3754 quocumque
732 3688 824 3733 essent
836 3680 866 3731 in
881 3697 995 3748 genere,
1026 3680 1115 3752 expri-

177 3804 185 3825 κ
200 3776 318 3830 mendae
331 3777 409 3830 nobis
424 3777 575 3831 necessario
590 3777 760 3832 riderentur:
780 3776 845 3841 sed,
865 3775 1007 3834 omnibus.
1028 3794 1114 3828 unum

202 3870 338 3924 inlocum
352 3872 452 3926 coactis
467 3871 658 3942 scriptoribus,
679 3871 754 3941 quod
770 3869 887 3942 quisquo
902 3871 1114 3923 commodissime

202 3968 359 4038 praecipere
382 3966 546 4032 videbatur,
580 3967 779 4038 excerpsimus,
811 3974 839 4020 et
856 3985 889 4018 ex
905 3966 984 4019 variis
1001 3966 1115 4035 ingeniis

204 4061 435 4148 excellentissima
456 4079 590 4135 ¹quaeque
614 4060 765 4115 libavimus.
809 4061 851 4115 Ex
876 4060 918 4113 his
941 4061 1032 4133 enim,
1067 4061 1115 4132 qui
