2610 4800
609 402 694 478 280

122 604 285 689 'sophiae
323 612 420 666 notos
459 613 492 666 et
524 612 682 667 tractatos
719 603 822 665 locos.
871 598 962 665 Nihil
992 580 1080 667 enim
1107 608 1136 672 de
1169 674 1171 697 ,

148 714 328 797 religione,
346 710 442 772 „nihil
461 712 501 773 dc
519 721 644 789 morte,
677 710 759 772 nihil
780 711 820 774 de
835 710 978 795 pietate,
1009 711 1088 773 nihil
1102 715 1131 777 de

143 822 287 882 'caritate
324 819 468 901 patriae,
513 818 597 879 nihil
626 798 677 881 de'
694 819 790 881 bonis
821 820 920 879 rebus
948 828 1008 880 aut
1032 820 1129 897 malis,

148 927 231 990 „ihu
259 926 299 988 oe
323 906 504 988 virtutibus
527 936 583 1013 aut
600 926 708 1005 noir,
743 925 826 987 niun
849 924 1033 1005 aeofficu,
1065 927 1128 989 nita

149 1035 191 1098 de
217 1034 350 1113 dolore,
382 1035 465 1096 nihil
486 1035 526 1098 de
542 1034 729 1118 voluptate,
766 1034 849 1096 nihil
868 1034 909 1097 de
927 1036 1129 1120 perturbatio·

149 1135 245 1226 nibus
278 1126 387 1203 animi·
409 1154 442 1205 et
475 1142 660 1220 erroribus,
704 1134 788 1226 quae
807 1164 918 1227 ¹stepo
954 1142 1075 1205 cadunt
1101 1143 1128 1205 in

149 1271 286 1327 causas,
317 1251 373 1312 sed
395 1248 536 1337 jejunius
560 1262 720 1335 aguntur,
755 1249 855 1328 nihil,
887 1252 1044 1336 inquam,
1074 1251 1129 1313 sins
1169 1310 1171 1329 ,

149 1380 187 1421 ea
217 1358 373 1436 scientia,
406 1368 503 1440 qnam
535 1357 621 1436 dixi,
660 1357 823 1440 graviter,
855 1358 982 1442 ample,
1017 1358 1130 1443 copioso
1157 1360 1168 1391 '·

149 1464 216 1527 dici
245 1470 278 1527 el
307 1465 463 1548 explicari
494 1476 612 1551 potest.
656 1464 758 1544 (lotd.
779 1488 808 1527 c.
830 1468 898 1545 23.)
919 1502 962 1513 —
981 1500 1024 1515 ·-·
1062 1466 1129 1533 Volo

148 1574 237 1636 enim
249 1574 350 1656 ‹prius
370 1570 487 1636 habeat
506 1576 616 1636 orator
634 1596 722 1652 rem,
747 1574 787 1636 de
807 1597 870 1657 qua
890 1572 996 1653 dicat,
1020 1574 1130 1659 dignam

148 1682 282 1743 auribus
303 1682 463 1760 eruditis,
496 1706 592 1767 quam
606 1682 753 1769 cogitet,
785 1683 905 1765 quibus
924 1684 1032 1745 verbis
1051 1680 1130 1767 quid·

150 1812 215 1872 que
233 1790 340 1867 dicat,
364 1801 421 1853 aut
440 1790 616 1874 quomodo.
658 1778 890 1869 Quem'etiam
906 1804 984 1875 'quo
998 1791 1131 1874 grandior
1166 1776 1171 1787 ¹

125 1897 194 1959 ,sit
223 1908 255 1959 et
285 1898 524 1980 quodammodo
560 1897 740 1977 excelsior,
773 1903 829 1976 (ut
860 1899 900 1962 de
920 1899 1056 1962 'Pericle
1079 1896 1130 1960 diri

150 2009 284 2088 supra),
311 2028 357 2067 ne
386 2006 597 2089 physicorum
624 2005 759 2088 quidem
789 2002 1037 2090 esseiignarum
1062 2005 1130 2067 volo.¹

149 2114 269 2174 Omnia
287 2115 456 2196 profecto,
480 2135 583 2196 quum
603 2134 637 2174 se
658 2136 675 2173 a
698 2112 1011 2176 caelestibus-rebus
1031 2116 1132 2177 referet
1169 2100 1171 2145 ἶ

139 2221 190 2299 ¹ad
212 2220 390 2298 humanas,
412 2219 575 2283 excelsius
600 2222 932 2307 magnificentiusque
954 2236 987 2288 ct
1006 2223 1091 2286 dicet
1108 2230 1132 2285 ct

148 2328 282 2389 sentiet.
296 2370 299 2377 -
328 2331 505 2411 Quumque
526 2328 583 2389 illa
601 2328 713 2390 divina
729 2332 937 2414 ¹cognoverit,
949 2331 1039 2393 'nolo
1055 2332 1150 2421 igno·¹

147 2444 201 2497 ret
218 2456 260 2497 ne
278 2435 360 2497 haec
384 2436 517 2518 quidem
538 2436 691 2498 humana.
733 2442 791 2500 Jus
812 2422 911 2501 civile
926 2448 1058 2519 teneat,
1079 2456 1133 2522 quo

148 2552 245 2624 egent
269 2564 385 2605 causae
410 2546 564 2606 forenses
585 2544 744 2626 quotidie.
788 2546 876 2628 Quid
901 2557 951 2610 est
971 2548 1058 2610 enim
1075 2556 1139 2608 tar--

146 2650 245 2734 plus,
270 2673 370 2735 quam
389 2652 608 2734 legitimarum
625 2664 662 2716 'et
684 2654 832 2716 civilium
853 2650 1135 2718 controversiarum

146 2759 330 2843 patrocinia
350 2760 537 2842 suscipere,
561 2782 664 2842 quum
684 2760 729 2822 sis
753 2762 860 2844 legum
882 2771 915 2825 et
935 2761 1044 2825 civilis
1065 2761 1135 2849 juris

147 2867 302 2950 ignarus?
335 2870 519 2950 Cognoscat
542 2868 639 2930 etiam
664 2882 954 2952 rerumgestarum
975 2844 1137 2935 etmcino-

145 2975 214 3037 riac
233 2975 355 3037 veteris
377 2976 544 3054 ordinem,
577 2976 736 3038 maximae
760 2977 891 3039 scilicet
911 2964 1043 3042 nostrae
1067 2976 1137 3041 ciri·

146 3084 245 3158 tatis;
281 3083 339 3145 sed
359 3092 392 3145 et
413 3082 662 3167 imperiosorum
680 3086 876 3168 populorum
895 3095 927 3148 et
940 3106 1055 3169 regum
1073 3087 1140 3149 illa·

147 3191 284 3265 strium;
323 3212 421 3274 quem
453 3191 597 3253 laborem
630 3192 725 3252 nobis
758 3192 861 3254 Attici
893 3194 999 3256 nostri
1029 3192 1139 3258 levarit

139 3299 257 3379 labor,
296 3298 354 3383 qni
381 3301 585 3363 conservatis
614 3300 804 3383 notatisque
828 3292 1039 3384 'temporibus
1069 3298 1139 3365 nihil

148 3430 251 3491 quum
280 3410 411 3472 illustre
438 3407 736 3493 praetermilerct,
772 3430 933 3469 annornm
963 3410 1139 3495 septingen-

147 3523 259 3577 torum
273 3516 462 3578 memoriam
478 3536 545 3575 uno
562 3515 649 3578 libro
665 3516 840 3599 colligavit.
878 3518 1011 3579 Nescire
1028 3527 1137 3592 auten,

149 3624 230 3706 quid
264 3633 380 3702 antea,
421 3645 520 3707 quam
562 3636 657 3687 natus
698 3625 764 3702 sis,
800 3625 979 3704 acciderit,
1020 3625 1056 3689 id
1082 3633 1137 3699 ost,

150 3752 280 3816 semper
299 3753 371 3794 esse
395 3754 544 3815 puerum.
588 3733 676 3812 Quid
699 3733 787 3796 enim
807 3742 857 3796 est
878 3743 968 3795 actas
985 3732 1137 3807 hominis,

150 3838 214 3899 nisi
244 3861 281 3902 ea
308 3842 464 3903 memoria
494 3864 603 3904 rerum
638 3852 786 3905 veterum
819 3863 895 3904 cum
927 3842 1136 3925 superioribus

152 3946 362 4011 contexitur?
392 3948 666 4014 commemoratio
686 3961 796 4014 autem
816 3949 1025 4031 antiquitatis
1044 3965 1138 4015 exem·
