2610 4800
496 512 498 516 .
547 428 631 506 392

96 632 99 639 ‘
122 630 124 637 '
176 633 399 707 ir'terusreinnt,¹
418 636 533 700 pessunt
546 627 594 694 id,
622 626 698 700 quod
720 625 854 680 dictatum
871 634 927 692 est,
954 625 1104 692 scribere
1113 680 1126 707 ‚

133 750 135 755 ’
180 737 209 780 et
223 727 353 788 recitare,
375 724 456 796 'quod
468 725 647 793 scripserunt:
671 723 711 775 ite
731 723 779 794 qui
796 725 966 796 pepponis&
986 722 1139 788 didit&

179 829 261 883 runt,
279 828 408 890 possunt,
428 836 501 891 quse
515 819 680 880 ¹audierunt,
706 818 736 868 in
747 817 815 868 locis
833 817 986 880 collucere,
1016 826 1049 869 et
1072 845 1116 884 εχ

179 914 220 966 bis
240 914 394 966 memoriter
408 913 596 983 pronunciare.
627 911 698 964 ·Loci
719 912 791 965 enim
811 924 891 965 cerae
907 921 958 964 aut
980 911 1111 988 charta„

180 1008 308 1062 simillimi
329 988 408 1060 sunt:
435 1006 581 1074 imagines,
609 1001 713 1058 literis-s
740 1005 880 1078 dispositio
899 1015 928 1059 et
944 1005 1104 1069 collocatio

158 1093 342 1170 dimensum,
375 1101 539 1171 scripturuer
574 1100 781 1172 pronunciatio,
808 1100 931 1157 lectioni.
977 1101 1100 1170 Oportet
1135 1080 1139 1145 ’ἱ

94 1228 97 1234 ·
165 1197 276 1264 igitur,
303 1196 324 1248 ei
344 1194 772 1255 volumus'multat'nieminisse,
800 1196 900 1248 multus
920 1193 1097 1250 n'obislocoe
1131 1200 1139 1232 ³¹

93 1306 96 1313 ’
179 1308 352 1362 comparere,
382 1291 463 1342 utin
481 1291 574 1342 multis
596 1291 663 1343 locis
684 1291 783 1343 multas
805 1290 935 1358 imagines
955 1289 1099 1345 collocare
1133 1292 1139 1321 ¹

179 1387 327 1459 pessimum
347 1384 428 1440 'Item
440 1393 577 1454 putemus,
596 1393 730 1454 oportere,
752 1394 827 1437 etex
842 1384 939 1437 ordine
952 1374 1004 1436 b'e‘s
1016 1384 1101 1438 locos
1132 1366 1139 1385 '⁴

157 1496 160 1507 ¹
180 1480 296 1544 babere,
316 1479 466 1551 nequando
482 1478 687 1555 perturbatione
702 1478 803 1532 ordinis
817 1458 1014 1550 i‘mpedirnsi,
1030 1490 1104 1551 quo

178 1577 267 1630 secius
291 1584 508 1646 quotoquoque
531 1574 594 1628 loco
618 1573 734 1636 libebit,
760 1575 805 1627 vel
825 1592 841 1626 a
863 1575 1017 1645 superiore,
1038 1563 1111 1626 re:¹

171 1671 214 1738 ab
235 1670 378 1734 inferiore,
407 1670 452 1723 vel
474 1688 490 1721 a
509 1669 599 1722 media
619 1677 697 1740 parte
716 1669 846 1737 imagines
865 1669 963 1740 requi,
991 1676 1080 1722 ntes
1108 1691 1117 1718 s

179 1783 251 1838 quue
273 1766 401 1818 mandata
422 1765 491 1818 locis
520 1775 620 1829 erunt,
653 1762 735 1818 edere
757 1773 786 1816 et
806 1762 927 1835 proferre
952 1764 1123 1834 pessimun!-

177 1858 246 1912 Nam
267 1867 315 1923 ut,
346 1858 368 1912 si
390 1859 418 1911 in
441 1859 535 1912 ordine
552 1868 655 1913 stantes
669 1867 748 1927 nqtos
764 1858 917 1929 complures
934 1846 1126 1913 ducemus,

177 1953 248 2008 nihil
263 1961 355 2006 nostre
369 1953 493 2016 intersit,
521 1962 613 2007 utrum
627 1972 643 2005 n
658 1970 762 2031 summo
771 1993 782 2027 ,Ι
807 1970 842 2006 en
855 1952 890 2004 ab
906 1953 980 2029 imo,
1004 1969 1037 2004 ιιι
1050 1935 1128 2003 a}

176 2047 268 2101 medio
289 2047 399 2100 nomina
421 2065 514 2100 eorum
534 2047 626 2102 dicere
644 2047 832 2121 incipiamuss·
847 2049 921 2101 item*
931 2048 961 2100 in
974 2047 1039 2101 locis
1051 2050 1126 2100 63

166 2142 273 2197 ordine
288 2142 571 2207 collocatis-eveniet,
600 2152 632 2195 ut
652 2144 682 2197 in
704 2143 858 2215 quamlibet
878 2127 982 2214 partem
998 2134 1122 2213 'quotss

110 2274 113 2279 ·
147 2308 149 2313 Ι
178 2237 372 2309 quoqneloco
384 2235 501 2301 libebit,
527 2237 691 2305 imaginibus
707 2240 835 2291 commoti
854 2239 945 2292 dicere
961 2237 1115 2309 possimne

146 2320 149 2325 ’
177 2332 222 2395 id,
241 2333 317 2402 quod
332 2333 399 2385 loeis
413 2333 637 2386 mandaverimus.
673 2333 765 2403 Quare
788 2335 880 2405 placet
893 2343 922 2387 et
942 2350 977 2386 ex
996 2332 1106 2386 ordine
1135 2354 1139 2363 ·

176 2425 255 2498 iocos
278 2443 450 2498 comparare3
485 2436 514 2481 et
528 2427 620 2492 locos,
646 2445 717 2500 qnos
739 2429 960 2494 assumserimns,
988 2426 1096 2498 egregie

177 2520 365 2575 commeditari
382 2521 535 2594 oportebit,
555 2531 587 2575 ut
602 2532 736 2595 perpetuo
749 2523 828 2577 nobis
843 2523 956 2577 haerere
971 2523 1087 2595 possim

178 2632 243 2671 noro
263 2616 408 2685 imagines,
440 2617 513 2685 sicut
532 2618 650 2682 literne,
686 2618 831 2684 delentur,
868 2619 917 2671 ubi
941 2618 1013 2671 nibil
1037 2617 1083 2671 illis
1128 2606 1139 2673 ’ἓ

178 2712 293 2765 utimur:
319 2712 373 2765 loci
396 2721 527 2784 tanquam
546 2730 633 2776 cera,
659 2696 798 2789 remanere
820 2713 939 2767 debent?
976 2714 1030 2778 Et,
1051 2724 1083 2766 'ue

93 2846 97 2853 .
177 2806 248 2860 forte
256 2807 289 2858 in
306 2824 419 2859 numero
432 2806 555 2860 locorum
571 2806 629 2859 falli
642 2804 789 2878 possimus,
809 2802 943 2879 quintum.
953 2826 1083 2881 quemque

178 2902 272 2956 locum
294 2902 386 2972 placet
408 2904 513 2955 notari:
538 2902 614 2974 qnod
632 2919 735 2970 genus,
762 2903 783 2954 si
800 2903 829 2955 in
844 2904 944 2975 quinto
959 2903 1024 2957 loco
1037 2921 1084 2963 ns·

93 3042 97 3047 .
177 3012 245 3049 num
262 3013 371 3050 auream
388 2997 573 3062 collocemus,
593 2997 657 3051 etsi
674 2998 703 3050 in
722 2997 830 3051 decimo
847 2994 967 3069 aliquem
985 3008 1087 3062 notum,

181 3090 227 3142 cui
240 3107 405 3160 praenomen
418 3094 455 3144 sit
467 3092 597 3145 Decimus
626 3091 727 3144 deinde
741 3091 823 3145 facile
836 3092 888 3144 erit
898 3091 1001 3144 similes
1016 3101 1089 3146 notes

98 3228 102 3237 .
179 3187 278 3256 quinto
303 3205 416 3259 quoque
436 3187 498 3241 loco
520 3187 664 3241 collocare.
707 3189 777 3240 Item
795 3187 964 3240 commodius
978 3194 1039 3251 est,
1063 3189 1092 3240 in

180 3279 330 3346 derelicta,
350 3298 432 3354 quarn
448 3283 477 3333 in
492 3281 594 3335 celebri
609 3282 718 3350 regione
733 3283 808 3334 locos
825 3288 997 3352 comparere:
1014 3300 1093 3355 prop·

178 3382 253 3428 terea
270 3376 345 3447 quud
360 3376 515 3448 frequentia
537 3386 565 3430 et
585 3375 773 3429 obambuletio
788 3375 930 3428 hominnm
945 3375 1094 3431 conturbat

181 3479 210 3522 et
227 3470 345 3523 infirmat
368 3472 515 3538 imaginum
536 3481 628 3525 nolas:
662 3472 783 3525 solitudo
812 3474 954 3524 conservat
977 3470 1095 3540 integrm

180 3563 386 3617 simulacrorum
409 3565 515 3633 figuras.
556 3567 701 3620 Praeterea
728 3567 869 3620 dissimiles
890 3565 981 3644 'forme
1012 3574 1096 3639 etque

179 3668 278 3714 nature
289 3660 344 3712 loci
359 3661 533 3730 comparandi
545 3671 627 3727 sunt,
655 3671 687 3715 ut
705 3661 833 3715 distincte
851 3661 1019 3715 interlucere
1035 3679 1097 3732 pos·

181 3755 251 3820 sint,
277 3772 340 3806 nom
354 3756 438 3827 siquis
449 3757 540 3809 'multa
553 3756 763 3810 intercolumine
776 3758 919 3821 sumserit,
944 3756 1097 3809 concuria-

183 3849 258 3902 bitur
274 3851 456 3904 similitudine
478 3853 619 3918 locorum,
646 3863 678 3906 ut
693 3854 814 3920 ignoret,
842 3853 911 3924 qnid
933 3862 1048 3925 quoque
1067 3853 1096 3904 in

182 3941 245 3997 loco
270 3947 419 4001 collocarit.
454 3949 514 4000 Jnm
537 3958 566 4000 et
582 3949 768 4016 magnitudino
784 3949 890 4001 modice
904 3956 931 4000 et
944 3948 1094 4001 mediocres

182 4038 258 4093 iocos
279 4041 379 4095 babere
401 4052 523 4115 oportet,
550 4061 613 4096 nrm
627 4052 656 4098 et
671 4044 901 4118 praetermodum
914 4043 999 4116 empli
1017 4060 1092 4110 regas
