2610 4800
609 451 694 529 34⁷

111 659 116 688 '·
174 648 308 715 occurrit.
350 648 532 714 Accusator
551 651 606 716 dat
624 661 764 729 tentem,
797 659 954 736 patronus
972 671 1010 713 ex
1028 671 1065 712 re
1083 649 1164 733 ipre

111 756 281 823 'utatttt
323 756 509 832 Accusator
536 762 713 821 criminum
745 759 890 838 invidia,
931 758 981 820 vei
1015 759 1044 819 ri
1071 758 1153 820 fuleo

111 877 115 912 ;
172 866 240 947 rint,
271 867 439 929 materiam
459 867 728 944 dicenditruhit,
760 866 800 930 de
817 868 1022 954 parricidio,
1052 868 1154 928 sacri·

111 986 113 997 '
172 976 258 1056 tagra,
286 980 458 1058 ntajestate:
493 998 577 1058 quae
596 988 733 1060 patruno
750 987 879 1037 tuntum
899 973 1044 1058 neganda
1064 983 1154 1036 eunt.

113 1122 115 1127 ·
172 1082 295 1168 ideoque
319 1083 585 1146 accurationibus
617 1085 714 1145 etiam
740 1082 921 1145 medioerea
949 1085 983 1145 iu
1013 1081 1153 1145 dicendo

172 1192 368 1255 suffecerant:
390 1192 496 1253 bonus
517 1192 671 1253 defensor
692 1212 804 1265 neruo,
829 1191 892 1251 nisi
917 1191 973 1273 qui
993 1191 1166 1274 eloqueu-'

171 1297 315 1374 tissimus,
337 1299 409 1362 fuit
452 1300 532 1361 Nam
551 1309 610 1376 ut,
634 1298 724 1381 quod
743 1296 870 1376 sentio,
902 1298 1000 1360 semei
1021 1299 1153 1377 finiam,

169 1413 245 1470 tanto
268 1417 317 1471 eet
343 1428 499 1470 accusare
529 1428 626 1489 quum
653 1407 849 1485 defendere,
890 1416 1016 1489 quanto
1044 1410 1154 1472 fucere

166 1533 249 1596 quarn
265 1538 380 1578 sanare
399 1515 555 1593 vulnera,
579 1516 720 1576 facilius.

164 1628 167 1635 ’
213 1624 393 1687 Plurimum
410 1633 518 1684 autem
540 1625 662 1700 refert,
696 1622 827 1711 etquid
845 1623 1020 1708 protulerit
1037 1621 1154 1686 adrer-

123 1748 127 1757 ·
157 1732 279 1812 rarius,
299 1740 333 1795 et
350 1730 521 1819 quomodo.

347 1923 447 1977 Cicero
464 1921 518 1994 (de
534 1924 593 1975 lar.
610 1920 629 1975 l.
646 1923 667 1975 1.
684 1939 707 1976 c.
721 1920 745 1991 4.
765 1922 788 1990 5.
806 1924 841 1991 78
856 1919 954 1992 seqq.)

112 2082 115 2089 ·
213 2048 436 2112 Rreaenrrsro
454 2057 515 2124 eat,
537 2069 595 2131 per
613 2070 709 2130 quum
726 2046 983 2130 argumentando
1002 2044 1156 2111 adrem-

147 2151 276 2218 !iorum
298 2156 503 2218 confirmatio
523 2156 685 2231 diluitur,
715 2166 771 2217 aut
790 2156 991 2233 infirmatur,
1024 2164 1081 2216 aut
1096 2154 1155 2216 ad·

148 2252 290 2327 levatur.
333 2266 418 2326 Haec
447 2265 539 2326 fonte
564 2263 767 2327 inventionis
787 2263 901 2325 eodem
921 2272 1053 2341 utetur,
1087 2285 1154 2345 quo

150 2371 259 2435 utitur
283 2372 508 2449 confirmatio,
539 2382 709 2455 propterea
733 2373 841 2454 quod,
877 2371 996 2454 quibua
1012 2393 1052 2434 ex
1070 2372 1158 2441 locis,

149 2480 262 2581 'aliqua
285 2501 338 2542 rea
365 2481 553 2542 confirmari
588 2491 717 2563 potest,
748 2478 863 2541 iiadem
881 2489 990 2564 potest
1009 2502 1047 2542 ex
1069 2480 1153 2542 tocie

154 2583 332 2661 infirmari;
356 2588 436 2648 nihil
453 2590 540 2651 enim
558 2589 832 2650 considerandum
850 2599 899 2679 est
920 2589 955 2649 in
979 2588 1030 2649 his
1049 2588 1157 2650 omui-

154 2693 214 2757 bua
232 2695 500 2772 inventionibus,
523 2697 584 2758 niai
605 2697 656 2774 id,
681 2697 770 2780 quod
788 2695 956 2779 personia,
978 2706 1034 2756 aut
1056 2718 1158 2780 nego·

158 2803 211 2865 tiit
228 2805 424 2865 attributum
439 2814 499 2866 ert.
542 2808 651 2883 Quare
667 2805 890 2868 inventionem
900 2848 909 2879 ,
933 2814 966 2864 et
985 2825 1159 2886 argumen-

159 2911 317 2973 tationum
342 2912 574 2995 expolitionem
597 2934 635 2975 ex
655 2914 740 2990 iilis,
781 2935 865 2996 quae
887 2924 963 2973 ante
984 2921 1159 2993 praecepte

160 3029 255 3095 tunt,
292 3018 378 3081 haue
407 3042 541 3102 quoque
572 3020 606 3080 iu
643 3033 767 3106 partem
798 3020 958 3081 orationis
989 3016 1159 3080 transferri

141 3129 328 3211 'oportebit
369 3131 623 3206 Verumtamen,
655 3141 692 3190 ut
714 3129 871 3213 quaedam
893 3127 1083 3212 praeceptio
1099 3127 1159 3189 de·

160 3235 321 3318 turhujus
338 3258 472 3320 qaoque
492 3238 614 3319 partis,
638 3259 834 3320 exponemus
853 3237 965 3297 modoa
983 3235 1157 3318 reprehen-

117 3384 124 3393 -
163 3340 275 3420 rionie5
305 3367 388 3429 quoa
410 3346 467 3428 qui
485 3347 723 3420 observabunt,
744 3346 873 3406 facilius
894 3367 950 3418 eu,
974 3365 1057 3425 quae
1080 3364 1158 3403 con·

118 3465 122 3473 '
163 3454 396 3531 tradicentur‚
427 3454 554 3515 diluere
572 3463 629 3512 aut
650 3442 811 3514 infirmare
833 3463 997 3537 poterunt.
1040 3450 1158 3513 Omnia

164 3563 394 3646 argumentatio
410 3561 673 3645 reprehenditur,
690 3561 715 3621 ai
732 3573 788 3622 aut
804 3583 841 3622 ex
858 3563 910 3637 iis,
927 3582 1011 3642 quae
1027 3568 1160 3641 sumpte

164 3683 252 3749 runt,
278 3693 344 3731 non
361 3672 557 3734 conceditur
577 3670 714 3752 aliquod
734 3692 835 3729 unum
853 3670 1007 3752 plurave:
1030 3677 1087 3728 aut
1106 3665 1158 3727 hir

163 3777 347 3856 eoneeerie,
370 3779 551 3862 complexio
569 3778 688 3841 confici
708 3800 746 3840 ex
766 3778 818 3838 hia
841 3787 995 3859 negatur:
1020 3773 1100 3852 ¹aut,
1129 3771 1159 3836 ei

163 3904 259 3967 genu·
295 3887 402 3971 iprum
436 3885 728 3970 argumentationis
765 3886 921 3946 vitiosum
952 3885 1157 3946 ostenditurr

163 4006 226 4073 aut,
255 3995 286 4056 ei
310 4004 426 4057 eontra
450 3997 572 4057 firmam
591 3995 906 4080 argumentationem
925 3993 1036 4080 aliqua
1052 4009 1158 4076 aeque

163 4101 269 4184 firme,
290 4112 349 4167 aut
363 4105 486 4169 firmior
501 4106 649 4191 ponitur.
