2610 4800
617 415 702 496 iffi

151 615 356 703 respondere
370 616 553 702 primorum
574 616 749 679 verborum
769 615 896 680 alterna
915 614 1089 699 repetitioz
1120 648 1164 668 ι-

155 727 281 809 Vigila
297 738 332 788 tu
353 725 526 800 densete,
556 739 590 788 ut
609 726 671 786 tuis
696 725 926 787 comestoribus
949 722 1163 807 respondeas}

151 836 209 897 ste
216 880 231 909 ,
251 847 287 897 ut
300 854 362 908 co,
382 855 445 920 quo
458 834 582 907 tendit,
610 848 730 895 nsasurs
749 856 820 895 cuns
835 835 976 897 exercitu
990 835 1163 916 perveniat.

152 946 202 1008 Tc
222 943 400 1023 gallorum,
430 942 519 1004 illum
544 943 747 1005 buccinarum
775 955 884 1003 cantus
902 943 1068 1003 exuscitet.
1112 944 1163 1005 tu

150 1052 312 1141 sectionem¹
337 1053 499 1125 instituis,
531 1053 583 1117 ilis
607 1054 707 1113 aciem
731 1052 865 1115 iustruit.
911 1051 959 1117 Tu
981 1070 1093 1123 caess,
1122 1070 1163 1114 us
1219 1052 1223 1062 '

148 1161 347 1223 consultores
364 1161 412 1222 tui
421 1205 434 1233 ,
464 1160 516 1221 itte
523 1203 535 1231 ,
567 1181 605 1221 ne
623 1162 713 1222 urbes
732 1171 785 1220 ant
805 1172 907 1220 castra
925 1160 1099 1244 capiantur.
1117 1192 1162 1210 -

147 1268 216 1331 Est
239 1276 273 1329 et
300 1265 384 1327 illud
403 1268 573 1351 repetendi
597 1290 718 1354 genus,
756 1266 846 1356 quod
870 1267 971 1332 semet
991 1266 1160 1354 proposito

148 1374 256 1485 {tofa
273 1383 306 1437 et
322 1374 454 1442 dividit:

201 1608 208 1617 ‘
274 1597 382 1671 Iphitus
401 1612 427 1651 et
445 1600 538 1654 Pelias
556 1615 659 1654 mecum
669 1619 680 1667 ‚·
706 1618 824 1672 qrtornm
841 1599 949 1669 Iphitus
967 1616 1038 1654 aevo

237 1698 246 1713 ⁰
273 1703 336 1757 tam
352 1705 486 1775 gravior,
505 1703 598 1756 Pelias
617 1716 644 1757 et
661 1703 781 1758 vulture
799 1701 898 1757 tardus
919 1702 996 1758 Ulixi
1011 1701 1049 1770 ¹¹).
1083 1756 1095 1783 ,

157 1856 176 1883 b

152 1892 336 1992 Ἔᾴἀνοδος
357 1903 485 2002 dicitur
497 1926 633 1988 graece,
658 1906 762 1967 nostri
783 1907 1007 1987 regressionem
1027 1912 1160 1967 vocant.

149 2042 195 2061 ·-
213 2012 352 2075 Interim
368 2013 511 2073 variatur
527 2014 656 2075 casibus
673 2015 754 2077 hacc
773 2023 806 2075 et
821 2013 993 2096 generibus
1011 2012 1160 2074 iteratim
1262 2080 1270 2095 Ι

149 2120 288 2201 Magnus
309 2133 354 2181 est
372 2121 464 2182 labor
486 2121 637 2196 dicendi,
675 2144 787 2203 magus
811 2143 860 2183 res
884 2136 938 2185 est.
961 2155 1002 2167 -
1022 2154 1067 2168 —-
1106 2119 1162 2184 Fit

153 2228 287 2291 casibus
312 2228 409 2291 modo
428 2229 490 2292 hoc
508 2231 662 2308 schema,
687 2230 775 2313 quod
790 2230 1013 2293 πολύπτωτον
1029 2238 1161 2292 vocant.

140 2336 296 2399 -C'oustat
320 2345 354 2399 et
385 2337 456 2398 aliis
480 2338 576 2399 etiam
601 2339 715 2401 modis.
746 2374 790 2386 -
817 2370 861 2385 —-
912 2338 1163 2420 Congregantur

155 2464 292 2527 quoque
305 2445 402 2507 rerba
420 2446 507 2508 idem
524 2447 759 2529 significantia:
797 2449 885 2533 Quae
900 2468 996 2532 quum
1015 2447 1060 2507 ita
1078 2446 1163 2518 sint,

155 2552 317 2626 casitina,
343 2574 436 2639 perge
445 2599 458 2627 ,
488 2576 551 2641 quo
573 2557 722 2640 coepisti.-
750 2554 894 2636 egredere
921 2553 1093 2640 aliquando
1119 2573 1163 2616 ex

154 2660 256 2723 urts:
280 2674 388 2744 patent
410 2677 543 2746 portae.-
571 2664 773 2751 proficiscere
794 2666 847 2738 *').
889 2663 932 2725 Et
961 2663 995 2723 in
1021 2660 1163 2725 eundem

122 2808 127 2815 ·
156 2767 225 2830 alio
239 2768 342 2831 libro:
376 2774 486 2844 Attii,
513 2775 669 2846 excessit,
698 2775 823 2857 erupit,
851 2770 1035 2844 evasit*'*).
1057 2805 1100 2818 —
1120 2804 1164 2819 -

155 2876 303 2962 Figura,
326 2901 409 2962 quac
431 2878 721 2964 conjunctionibus
745 2890 854 2955 caret,
874 2880 1043 2941 dissolutio
1063 2899 1164 2940 voca-

157 2996 233 3061 tnr3
267 2998 362 3070 apta,
401 3009 477 3048 curn
500 2988 580 3070 quid
611 2988 790 3051 instantius
817 2989 968 3050 dicimus.
1017 2988 1100 3048 Nam
1130 2993 1165 3048 et

157 3092 290 3176 singula
318 3093 550 3172 innascantur,
585 3105 618 3157 et
647 3096 742 3178 quasi
764 3097 856 3179 plura
883 3095 976 3156 fiunt.
1020 3093 1165 3177 Ideoque

157 3201 287 3263 utimar
310 3200 371 3263 hac'
396 3203 498 3286 figura
523 3227 588 3265 non
616 3204 648 3264 in
672 3206 811 3288 singulis
830 3203 925 3265 inodo
942 3203 1072 3281 verbis,
1105 3201 1165 3266 scd

159 3309 337 3373 sententiis
365 3311 482 3386 etiam;
515 3325 552 3376 ut
572 3314 686 3377 Cicero
715 3313 798 3374 dicit
828 3324 942 3375 contra
970 3310 1166 3374 concionem

156 3418 306 3481 Metelli:
348 3424 413 3508 Qui
432 3422 673 3496 indicabantur,
702 3445 755 3485 eos
769 3426 903 3495 vocari,
925 3421 1099 3499 custodiri,
1121 3417 1168 3481 ud

158 3524 303 3588 senatum
320 3529 441 3591 adduci
451 3534 555 3614 jussi:
583 3516 623 3594 'in
644 3546 753 3608 screatu
772 3546 844 3595 sunt
859 3533 967 3615 positi.
1008 3532 1052 3592 Et
1075 3539 1164 3593 totus

157 3630 218 3695 hic
244 3633 349 3698 locus.
379 3672 421 3688 --
471 3641 680 3705 Contrarium
706 3652 757 3704 cst
784 3641 933 3720 schema,
971 3638 1061 3725 quod
1084 3658 1166 3701 cou-

198 3870 224 3941 ')
251 3873 326 3945 Virg.
342 3874 410 3930 Aen.
427 3877 464 3930 11.
482 3876 541 3948 435.

187 3964 227 4039 **)
251 3967 332 4023 eant
353 3972 374 4021 Ι.
393 3987 416 4024 c.
435 3971 459 4025 5.

171 4059 450 4136 *omum
