2610 4800
520 380 671 505 ,5²2

587 616 704 713 §n

347 743 444 856 De
466 759 556 810 reeta
580 746 751 808 nominum
774 728 930 810 ratione.

968 823 974 855 g
1058 814 1065 838 Ι
1084 798 1087 803 ⁹

313 891 404 944 Plato.
439 891 493 962 (I'n
513 882 621 957 Cratyl.
640 908 667 961 p
686 892 738 944 230
757 907 832 961 seqq.
854 889 897 943 ed.
915 889 991 962 Bip.)

208 1020 319 1083 Herm.
362 1019 535 1111 Κρατύλος
554 1017 658 1101 φησὶν
678 1016 755 1090 ὅδε,
764 992 1008 1101 ὦΣώκρὰτες,
1034 1019 1166 1101 dodanta

146 1150 208 1203 τος
235 1118 409 1212 ὀρθότητά
436 1123 524 1190 εἶναι
549 1125 680 1207 ἑκάστῳ
704 1127 772 1186 τῶν
797 1123 902 1189 ὄντων
925 1125 1031 1205 φύσει
1053 1141 1168 1212 atemo-

147 1260 501 1284 ..-..........a.......

236 1352 319 1408 ceps,
351 1352 448 1409 parens
470 1350 578 1397 rerum,
612 1330 815 1404 fabricatorque
841 1331 946 1384 mundi
964 1332 1046 1386 nullo
1077 1338 1165 1407 magia

179 1473 181 1478 ,
233 1430 373 1484 hominem
387 1429 522 1500 separavit
537 1446 553 1480 a
568 1427 675 1492 ceteris,
696 1445 768 1499 quae
783 1428 895 1499 quidem
911 1427 1036 1482 mortalia
1052 1419 1164 1498 essent·

233 1525 406 1590 animalibus,
427 1537 508 1596 quarn
525 1523 637 1577 dicendi
651 1521 792 1585 facultate.
830 1523 899 1574 Nam
914 1538 1025 1594 corpora
1038 1522 1165 1597 quidem

169 1641 174 1687 ζ
232 1621 441 1692 maguitudine‚'
473 1619 592 1683 uiribus,
628 1619 773 1683 firmitate,
814 1619 966 1691 patientia,
1002 1619 1165 1676 velocitate

234 1697 431 1790 praestantiora
449 1715 477 1766 in
495 1715 551 1766 illis
569 1714 651 1766 mutis
670 1715 810 1766 videmus:
838 1714 933 1766 eadem
949 1714 1047 1769 ,minus
1079 1735 1165 1786 egere
1200 1718 1202 1727 '

234 1813 387 1886 acquisitae
406 1810 574 1863 extrinsecus
593 1809 661 1878 opio,
696 1806 765 1859 Nam
783 1809 887 1876 ingredi
907 1809 1002 1872 citius,
1023 1817 1051 1862 et
1067 1813 1161 1881 pasci,

236 1916 266 1960 et
288 1916 396 1959 tranare
423 1924 524 1976 aquas,
560 1905 628 1958 citra
654 1904 817 1968 docentem,
851 1915 948 1958 natura
972 1907 1031 1976 ipsa
1052 1909 1160 1963 sciunt

235 2002 272 2056 Et
294 2001 427 2088 pleraque
453 2009 547 2052 eontra
572 1999 654 2066 frigus
674 2016 707 2051 ex
727 2016 776 2050 suo
795 2017 906 2070 corpore
924 2001 1104 2066 vestiuntur,
1136 2014 1162 2058 et

234 2107 310 2151 arma
341 2096 382 2148 his
407 2095 528 2161 ingenita
554 2094 707 2165 quaedam,
742 2103 770 2146 et
795 2113 843 2147 ex
855 2095 934 2147 obvio
963 2096 1019 2149 sere
1047 2097 1159 2152 victus:

236 2194 310 2246 circa
335 2207 407 2261 quae
439 2189 530 2241 omnia
560 2188 664 2241 multus
693 2188 848 2242 hominibus
874 2190 958 2269 labor.
1009 2191 1159 2246 Rationem

235 2287 319 2361 igitur
337 2285 513 2358 praecipuam
532 2266 625 2349 dedit,
647 2280 761 2357 ejusque
776 2299 824 2342 nos
839 2288 925 2338 socios
943 2304 1000 2340 essa
1019 2292 1085 2338 c'um
1106 2290 1159 2342 diis

234 2381 434 2437 immortalibus
453 2381 550 2435 voluit
587 2380 665 2433 Sed
658 2399 716 2452 rpsa
733 2381 802 2433 ratio
821 2399 912 2453 neque
931 2392 987 2435 tarn
1004 2398 1054 2434 nos
1073 2384 1158 2449 j'uva-

193 2512 195 2516 ·
234 2486 295 2543 ret,
315 2493 407 2549 neque
425 2486 481 2530 tam
500 2485 572 2530 esset
588 2477 618 2528 in
636 2476 714 2529 nobis
731 2477 889 2541 manifesta,
909 2479 974 2540 nisi‚
995 2470 1069 2548 quae
1088 2497 1157 2532 con-

199 2638 205 2648 ι
234 2573 403 2645 cupissemus
427 2582 537 2638 mente,
572 2590 693 2643 promere
720 2574 802 2634 etiam
828 2572 969 2644 loquendo
995 2590 1155 2642 possemus:

235 2668 312 2741 quod
330 2648 413 2734 magia
432 2667 527 2720 deesse
546 2669 643 2720 ceteris
662 2660 841 2733 aiuimalibua‚
861 2687 958 2741 'quarn
975 2667 1157 2722 intellectum

234 2772 269 2816 et·
289 2763 483 2831 cogitationem
503 2763 641 2835 quandam
658 2763 788 2818 ridemus.
832 2763 900 2815 Nam
919 2773 948 2816 et
965 2763 1053 2814 moliri
1074 2765 1157 2816 cubi-

233 2858 289 2923 lia,
323 2867 352 2912 et
368 2858 446 2912 nidos
466 2867 577 2922 texere,
604 2868 632 2911 et
651 2859 768 2911 educare
787 2859 896 2922 foetus,
930 2867 958 2909 et
983 2855 1153 2922 excludere5

234 2953 303 3026 quin
323 2947 405 3006 etiam
423 2972 553 3025 reponere
572 2955 600 3007 in
619 2953 735 3011 hiemem
755 2955 902 3016 alimenta,
923 2968 1002 3023 opera
1014 2956 1154 3024 quaedam

233 3047 314 3102 nobie
326 3049 510 3114 inimitabilia,
530 3051 624 3122 qualia
641 3060 708 3104 sunt
726 3066 848 3102 cerarum
869 3055 896 3098 et
914 3048 1012 3112 mellis,
1034 3048 1152 3115 efficere,

233 3132 395 3198 nonnullius
413 3144 525 3216 fortasse
543 3146 655 3198 rationis
675 3154 730 3196 est:
758 3142 807 3194 aad
828 3127 896 3214 qnia
907 3153 1000 3195 carent
1012 3163 1153 3208 sermone,

234 3255 307 3311 quae
325 3239 355 3291 id
373 3241 495 3306 faciunt,
513 3251 591 3293 muta
606 3249 691 3309 atque
706 3227 902 3298 irrationabilia
918 3248 1056 3293 vocantur.
1094 3242 1153 3292 Des

165 3411 169 3418 ι
231 3334 319 3407 nique
336 3331 478 3421 homineq,
499 3335 600 3407 quibus
618 3342 716 3402 nugata
734 3341 786 3386 vox
806 3335 1051 3405 est,»,quantnluna
1071 3335 1151 3403 adju-

233 3439 281 3484 vat
299 3427 405 3480 animus
423 3428 472 3481 ille
491 3427 638 3481 eoelestis?
674 3429 765 3500 Quare
791 3421 812 3481 si
835 3421 904 3502 nibil
923 3422 1007 3481 odiis
1027 3432 1151 3484 oratione

233 3524 332 3578 melius
352 3523 525 3595 accepimus,
546 3523 613 3594 quid
631 3532 686 3576 tam
706 3524 817 3592 dignum
836 3525 914 3577 cultu
934 3542 966 3577 aa
985 3523 1078 3577 labore
1098 3527 1151 3577 du·-

235 3620 349 3672 camua?
374 3622 469 3673 autin
489 3637 544 3690 quo
562 3619 687 3672 malimus
705 3631 842 3691 praestare
859 3620 1034 3683 hominihus,
1066 3634 1151 3691 quani

235 3724 292 3784 quo
308 3713 360 3784 ipsi
377 3714 501 3770 homiues
521 3715 618 3768 ceteris
636 3715 799 3768 animalibus
824 3714 985 3788 praestant?
1019 3715 1061 3788 'Eo
1087 3716 1151 3785 qui-⁴

188 3844 192 3859 .
236 3806 299 3860 dem
316 3811 416 3878 magia,
449 3812 524 3885 quod
549 3811 629 3864 nulla
652 3812 681 3864 in
705 3816 784 3884 parte
808 3811 917 3882 plenius·
942 3810 1020 3862 labor
1037 3811 1151 3876 gratiam

235 3901 326 3955 resera
362 3905 394 3956 Id
413 3906 483 3959 adeo
501 3907 675 3959 manifestum
694 3905 763 3970 erit,
790 3907 812 3958 si
831 3894 1052 3974 cogitaverinnrs,
1073 3907 1150 3959 unde

169 4026 173 4033 ·
195 4004 218 4033 ·'
237 4004 267 4051 et
284 4015 431 4070 quousque
448 4002 501 4067 jam
521 4007 650 4074 provecta
670 4001 707 4054 sit
724 4000 819 4072 orandi
840 4001 967 4056 facultas.
1003 4002 1038 4052 Et
1056 3999 1150 4053 adlnrc

184 4102 207 4141 .'
234 4084 329 4163 augeri
340 4100 463 4165 potest.»
489 4094 602 4166 (Quina.
620 4097 688 4152 luat,
703 4103 769 4149 orat.
783 4095 803 4148 Ι.
817 4098 855 4151 11.
872 4110 897 4149 a
915 4096 954 4148 16.
970 4096 993 4161 t.
1011 4101 1039 4148 ra·
1054 4094 1151 4165 seqq.)
