2610 4800
547 428 630 512 {85

148 584 304 705 &least
315 630 353 697 di
364 633 523 716 γεννῆσαι
540 581 599 716 uls
615 599 697 707 dine
710 608 965 706 ets'soimsoets
979 630 1092 695 aleius
1192 648 1195 653 '

105 741 148 804 de
175 741 266 817 τινὲς
288 741 346 804 καὶ
373 740 477 837 adeas
502 737 665 826 pressei,
693 737 737 801 τό
761 759 801 802 τι
823 737 887 823 γὰρ
910 741 1092 824 μιμεῖσθαι

111 976 118 985 ·
182 1001 185 1006 -
220 964 283 1027 Tu,
311 981 361 1016 seu
380 960 507 1027 donaris,
533 959 675 1034 seuquid
695 960 797 1015 donare
819 960 894 1015 voles
914 961 989 1026 eui,-

219 1056 314 1112 Nulito
335 1058 370 1110 ad
390 1074 483 1110 versus
505 1055 592 1110 iactos
613 1055 665 1109 tibi
686 1056 790 1109 ducere
809 1053 924 1126 plenum
1024 1118 1032 1140 x

219 1151 363 1216 laetitiae.
398 1151 536 1206 clamabit
555 1151 642 1207 eairns
662 1149 800 1214 Pulchre,
818 1148 910 1215 Bene,
929 1150 1029 1204 Recte!

219 1247 358 1302 Pallescet
377 1265 460 1318 super
479 1245 539 1314 bis;
567 1247 650 1300 etism
669 1244 788 1300 stillabit
809 1245 901 1298 amicis

220 1342 263 1396 Ex
284 1342 372 1396 oeulis
394 1360 497 1410 rorem3
524 1342 622 1406 saliet,
649 1341 749 1395 tundet
768 1341 840 1413 pede
862 1349 976 1395 terrear:

220 1438 259 1490 Ut
279 1438 327 1509 qui
349 1437 481 1489 conducti
503 1436 612 1509 plorant
633 1435 661 1486 in
683 1434 796 1496 sunere,
823 1435 923 1490 dicunt

220 1530 260 1584 Et
278 1528 385 1583 faciunt
405 1548 489 1602 prope
511 1530 590 1601 plura
614 1528 772 1582 dolentibus
794 1548 828 1583 ex
849 1530 955 1610 spirae,
984 1529 1023 1584 sic

220 1623 331 1678 Derisor
351 1643 414 1678 vero
440 1623 504 1696 plus
524 1623 669 1677 laudatore
691 1633 824 1677 ureretur.

221 1721 306 1789 lleges
327 1720 459 1773 dicuntur
479 1720 574 1773 multis
595 1719 840 1787 urgereculullis,

217 1815 254 1870 Et
272 1824 402 1888 torquere
423 1832 515 1880 mero,
542 1832 624 1887 quem
645 1814 812 1886 perspexisse
834 1813 979 1877 laborant,

197 1909 263 1964 :Aa
283 1911 320 1963 sit
340 1910 459 1963 amicitia
480 1911 585 1978 dignus.
629 1911 658 1963 Si
681 1910 798 1962 carmina
821 1911 942 1976 condes,
963 1968 968 1975 ,

219 2004 368 2076 Nunquam
391 2015 420 2058 te
441 2005 541 2058 fallant
561 2005 644 2057 enimi
663 2004 716 2058 sub
736 2004 820 2076 vulpe
842 2005 983 2071 latentes..

220 2100 359 2170 Quintilio
380 2100 401 2152 si
423 2099 492 2172 quid
514 2100 657 2154 recitares:
686 2100 813 2168 Corripe,
840 2100 935 2165 indes,

221 2195 281 2248 lloc
303 2195 411 2259 aiebat,
438 2204 466 2248 et
487 2194 549 2250 hoc.
591 2196 691 2250 Melius
712 2204 740 2248 te
763 2211 857 2266 pesse,
886 2213 1014 2262 negares,

218 2291 262 2343 llis
285 2291 382 2362 terqu'e
404 2300 546 2360 expertum
568 2276 683 2356 fruitra3
712 2289 805 2343 delere
825 2289 958 2358 jubebat,

121 2390 130 2401 ⁴
219 2384 256 2438 Et
276 2385 348 2436 male
369 2384 496 2437 formatos
518 2385 615 2438 incudi
637 2385 750 2438 reddere
772 2403 872 2439 versus.

219 2481 249 2533 Si
270 2479 417 2533 defendere
439 2480 589 2543 delictum,
618 2499 701 2553 quarn
721 2490 826 2534 vertere
847 2482 960 2546 malles,
1009 2510 1011 2515 ·

217 2575 333 2627 Nullum
349 2577 420 2628 ultra
436 2576 566 2639 uerbum,
586 2585 635 2628 aut
650 2592 758 2645 operam
774 2576 899 2629 sumebat
914 2578 1040 2644 intruens,

219 2673 296 2743 Quin
318 2673 376 2724 sine
397 2673 474 2725 rivali
496 2683 581 2743 teque
604 2682 632 2725 et
652 2682 701 2724 tua
722 2673 797 2725 solus
819 2692 928 2727 amares.

214 2767 263 2821 Vir
283 2766 386 2828 bonus,
416 2775 444 2818 et
464 2767 580 2837 prudens
599 2785 690 2819 versus
710 2767 894 2839 reprehendet
911 2769 1030 2833 inertes,
1062 2800 1065 2804 ·

217 2859 349 2931 Culpabit
371 2862 471 2924 duros,
498 2861 625 2913 incorntis
648 2861 745 2913 allinet
766 2871 854 2914 atrurn

219 2957 382 3009 Transverso
406 2956 511 3007 calerno
535 2956 659 3023 signum,
686 2955 827 3008 ambitiosa
850 2959 954 3011 recidet

217 3052 399 3115 0rnamenta3
428 3069 522 3120 parurn
545 3050 623 3102 claris
645 3050 736 3102 luceru
761 3051 825 3102 dare
848 3063 943 3117 coget,

178 3186 181 3190 .
217 3146 319 3212 Arguat
338 3145 465 3212 ambigue
488 3146 609 3207 dictum,
639 3146 770 3197 mutanda
794 3145 917 3213 notabit;

110 3252 118 3269 ·
218 3239 279 3290 Fiet
302 3239 486 3301 Aristarchus,
514 3257 567 3291 nec
589 3239 680 3292 dicct:
707 3240 763 3290 Cur
786 3225 973 3306 ego'auricurn

134 3326 147 3343 ³
215 3333 357 3384 Olleudaur
380 3335 408 3384 in
429 3333 529 3399 nugis?
556 3335 613 3387 liae
637 3352 725 3400 nugae
748 3336 816 3386 seria
840 3336 945 3389 ducent

217 3430 251 3478 ln
270 3427 341 3478 mala
364 3428 483 3479 derisum
505 3429 588 3481 semel
612 3418 816 3499 exceptumque
834 3432 950 3494 sinistre.

216 3522 271 3584 Ut,
296 3522 367 3573 mala
385 3542 467 3594 quem
485 3523 590 3577 scabies
615 3523 791 3591 autnorbus
810 3525 901 3592 regius
921 3533 1015 3592 urget,

213 3615 270 3670 Aut
290 3618 424 3671 fanaticus
447 3637 518 3672 error
543 3628 571 3671 et
593 3619 724 3670 iracunda
747 3619 853 3683 Diana,

208 3713 351 3764 'Vesanum
373 3713 493 3780 tetigisse
515 3715 629 3775 tinient,
657 3714 823 3785 fugiuntque
846 3694 972 3785 poetam,

214 3806 271 3874 Qui
288 3810 412 3878 sapiunt:
439 3810 542 3875 agitant
560 3808 653 3881 pueri,
681 3810 843 3879 incautique
865 3818 1029 3880 sequuntur.

181 3913 185 3921 “
212 3901 282 3965 liic,
310 3903 375 3954 dum
397 3903 528 3956 sublimes
550 3920 641 3955 uersus
665 3914 806 3967 ructatur,
835 3913 863 3957 et
887 3913 972 3970 errat,
1010 3888 1014 3895 s

213 3996 242 4050 si
263 3997 349 4065 ueluti
375 3999 486 4050 merulis
506 3999 629 4050 intentus
652 3997 756 4050 decidit
778 4012 897 4069 auceps,

173 4109 176 4113 ·
214 4093 248 4144 ln
266 4100 380 4166 puteum
406 4092 560 4147 foveamus:
586 4070 678 4157 lisat,
698 4094 866 4156 succurrite,
896 4093 1007 4160 longum
