2610 4800
587 428 672 509 392

134 636 139 668 Γ
162 632 166 641 ’
217 635 440 698 licencentiam,
458 638 574 703 posrnnt
587 630 634 696 id,
663 629 739 702 quod
760 627 895 682 dictatum
912 636 967 693 est,
995 627 1109 683 scribere

220 740 249 783 et
264 729 394 790 recitare,
420 726 497 798 quod
509 727 688 796 scripserunt:
712 725 752 777 ita
772 725 819 796 qui
837 727 1007 798 μνημῦνικὰ
1027 724 1109 776 dien:

219 832 301 885 runt,
320 828 449 892 possunt,
468 838 541 893 qnae
555 821 721 882 audierunt,
747 820 777 870 in
789 819 856 870 locis
874 819 1026 882 collocem,
1057 827 1087 872 et

218 902 261 969 bis
280 916 434 968 memoriter
449 904 637 986 pronunciare.
667 913 739 966 droti
760 914 831 967 enim
851 912 932 967 cerae
948 923 999 966 aut
1021 913 1109 970 chart

220 1010 349 1064 simillimi
370 1018 449 1063 aunt:
475 1009 622 1076 imagines,
642 1004 753 1060 literius
781 1007 921 1080 dispositio
940 1017 968 1061 et
985 1008 1104 1062 colloca

198 1097 383 1172 ¹imaginum,
416 1104 580 1173 scripturae:
614 1102 821 1174 pronunciatio,
848 1103 971 1160 lectioni.
1017 1103 1109 1173 Oport

135 1231 137 1236 ·
218 1200 317 1267 igitur,
343 1199 365 1251 si
384 1196 812 1257 volumus-mutremennnisse,
840 1198 941 1251 multus
960 1195 1041 1249 nobis
1057 1197 1109 1252 lor

220 1311 393 1365 comparere,
423 1292 503 1344 utin
521 1293 615 1344 multis
636 1292 704 1344 locis
724 1292 824 1344 multas
846 1292 976 1360 imaginor
996 1292 1108 1346 colloca

219 1389 367 1460 possimne·
387 1386 469 1442 'item
481 1394 618 1456 putamus,
636 1395 770 1456 oportere,
792 1396 867 1439 etex
883 1386 979 1438 ordine
994 1378 1045 1438 bos
1059 1386 1109 1440 locs

197 1499 201 1509 ·
220 1482 337 1546 babere,
356 1480 506 1553 nequando
523 1480 728 1557 perturbatione
743 1481 844 1535 ordinis
858 1460 1058 1552 impediamur,
1076 1501 1106 1554 qu

194 1598 197 1603 ·
219 1578 309 1632 reciur
331 1586 549 1648 quotoquoque
571 1575 635 1629 loco
658 1575 775 1638 libebit,
801 1576 845 1628 vel
866 1594 882 1628 a
904 1577 1061 1647 superiore,
1084 1595 1109 1630 re

219 1653 255 1726 sb
275 1672 419 1736 interiore,
447 1671 493 1725 vel
513 1689 530 1723 n
550 1671 640 1724 media
659 1679 738 1742 parte
757 1670 887 1739 imagines
906 1671 1003 1742 requi,
1033 1679 1064 1722 ut
1078 1689 1105 1724 ea

219 1785 293 1839 quae
313 1767 442 1820 mandata
462 1767 531 1819 locis
560 1777 670 1830 erunt,
694 1764 776 1820 edere
797 1774 827 1818 et
847 1765 967 1837 proferre
993 1767 1109 1836 possimur

217 1860 286 1913 Nam
308 1869 355 1925 ut,
386 1860 408 1914 ri
430 1860 459 1912 in
481 1860 576 1914 ordine
593 1870 696 1915 stantes
710 1855 789 1931 notos
804 1860 958 1931 complures
974 1848 1109 1914 viderimus

217 1954 289 2010 nibil
304 1963 395 2008 nostra
408 1954 534 2018 intersit,
562 1963 823 2033 utrumasumnro,
847 1973 883 2008 arr
896 1953 931 2006 ab
947 1955 1021 2025 imo,
1047 1971 1109 2008 ans

206 2049 313 2103 medio
329 2049 440 2102 nomina
462 2066 555 2102 eorum
575 2050 667 2104 dicere
685 2048 873 2123 incipiamusr·
888 2050 955 2104 item
972 2050 1002 2102 in
1016 2049 1109 2102 locise

207 2144 312 2199 urdine
329 2134 612 2210 collucetisereniet,
641 2155 673 2198 ut
693 2145 723 2199 in
745 2145 899 2217 quamlibet
918 2130 1023 2216 partem
1046 2153 1109 2215 quot

151 2275 153 2279 .
197 2270 201 2281 =
218 2239 412 2312 quoqneloc'o
425 2238 541 2304 libebit,
568 2240 737 2308 imaginibus¹
748 2242 876 2294 commoti
895 2241 986 2294 dicere
1002 2240 1109 2311 possimr

186 2309 190 2331 Ι
218 2335 264 2398 id,
282 2320 440 2406 quodloeis
454 2335 677 2390 mandaverimus.
714 2336 806 2406 Quare
829 2336 921 2407 placet
934 2345 963 2389 et
982 2353 1018 2388 ex
1038 2336 1109 2388 ordir

217 2427 295 2501 locos
319 2446 490 2501 comparare3
526 2432 660 2495 erictus,
686 2448 758 2503 qnos
779 2431 1000 2495 assumserimns,
1029 2449 1109 2500 egreg

214 2524 406 2578 commeditnri
422 2524 575 2597 oportebit,
596 2535 628 2578 nt
643 2535 776 2598 perpetuo
790 2525 868 2581 nobir
884 2525 997 2579 haerere
1013 2526 1109 2597 possim

219 2635 283 2673 nam
303 2619 448 2688 imagines,
481 2600 553 2689 sicut
573 2621 691 2684 literae,
726 2621 872 2686 delentur,-
909 2621 957 2674 ubi
982 2621 1054 2673 nibil
1081 2623 1109 2673 ill

218 2715 334 2769 utimur:
359 2716 413 2768 loci
437 2723 568 2787 tanquam
587 2732 674 2778 cera,
700 2698 839 2792 remanere
861 2716 978 2769 debent?
1017 2717 1072 2780 Et,¹
1100 2736 1109 2768 r

217 2809 329 2863 terrain
346 2826 459 2862 nurnero
473 2809 596 2863 locorum
611 2809 670 2861 falli
682 2808 829 2880 possimus,
850 2806 977 2882 quintum
994 2829 1109 2884 quemqr

219 2905 313 2958 locum
334 2904 427 2976 placet
448 2907 554 2958 notari:
579 2905 655 2977 quod
673 2920 775 2972 genus,
803 2905 824 2956 si
840 2905 869 2957 in
885 2906 984 2976 quinto
1001 2905 1066 2959 loco
1080 2925 1109 2959 mr

134 3044 138 3049 .
218 3014 286 3051 num
303 3016 411 3052 auream
428 2999 613 3064 collocemus,
634 3010 662 3053 et
675 2999 698 3053 si
714 3001 743 3053 in
762 2998 871 3053 decimo
888 2998 1009 3071 aliquem
1026 3010 1109 3054 notor

222 3093 268 3144 cui
281 3110 445 3163 praenomen
459 3097 495 3147 sit
508 3095 638 3149 Deoimm
666 3093 768 3149 deinde
782 3094 864 3149 facile
877 3095 929 3147 erit
939 3094 1042 3147 similes
1058 3104 1109 3147 not

139 3231 143 3239 .
219 3189 319 3259 quinto
343 3208 456 3263 quoque
476 3190 539 3245 loco
560 3190 705 3244 collocare.
748 3191 818 3242 Item
835 3189 1005 3242 commodius
1020 3199 1081 3253 est,

221 3281 370 3349 derelicta,
391 3302 473 3356 quant
489 3287 517 3337 in
532 3285 634 3338 celebri
650 3285 759 3353 regione
774 3285 848 3337 lucos
866 3300 1037 3355 comparare:
1055 3302 1109 3356 pru

219 3385 294 3431 terea
311 3379 386 3449 quod
400 3379 556 3451 frequentin
577 3389 606 3433 et
625 3379 814 3432 obambulatio
829 3378 970 3431 hominnm
987 3377 1109 3433 conturk

222 3481 250 3525 et
268 3473 386 3526 infirmat
409 3475 556 3542 imaginum
576 3484 669 3528 notas:
702 3474 824 3528 solitudo
853 3477 996 3527 conservat
1018 3474 1109 3542 integ‘

220 3566 427 3620 simulacrorum
450 3569 555 3637 figuras.
597 3571 740 3624 Praeterea
769 3569 910 3623 dissimiles
932 3569 1021 3647 'forms
1053 3577 1109 3640 atq

220 3670 318 3716 natura
331 3662 385 3715 loci
400 3665 573 3733 comparandi
585 3675 667 3729 sunt,
696 3674 727 3718 ut
744 3664 874 3717 distincte
893 3664 1059 3717 interlucere
1076 3683 1106 3734 p

221 3757 291 3823 sint3
318 3775 381 3809 narn
394 3759 478 3830 siquis
490 3760 580 3813 'multa
594 3759 803 3817 intercolumina
817 3762 959 3824 sumserit,
987 3756 1109 3812 comm-d

224 3851 299 3905 bitur
315 3854 497 3907 airnilitudine‘
518 3855 659 3921 locorum,
686 3866 718 3910 ut
733 3857 856 3923 ignoret,
883 3857 952 3927 quid
975 3873 1096 3928 quoque

223 3945 286 4000 loco
310 3950 460 4004 collocarit.
494 3952 554 4002 Jam
578 3961 606 4004 et
622 3952 809 4019 magnitudine
824 3953 931 4004 modica
944 3959 973 4004 et
986 3952 1109 4004 medioc

223 4041 298 4098 locor
319 4044 419 4098 babere
442 4055 564 4119 oportet,
591 4064 653 4100 nam
668 4057 697 4101 et
711 4047 941 4121 praetermodum
955 4046 1039 4119 ampli
1058 4061 1109 4101 ra:
