2610 4800
507 432 515 448 ..
577 354 633 432 5ss

103 555 231 627 nitido,
259 551 394 614 tertium
419 555 573 640 copioso,
610 549 766 637 deinceps
792 552 918 629 hilari,
945 557 1109 640 jucundo,

104 674 252 725 accurato
273 662 449 723 diversum.
491 661 633 726 Vitanda
660 672 692 724 et
718 660 873 746 μείωσις,
906 684 1028 747 quum
1056 688 1110 730 ser·

78 793 81 797 ¹
105 768 195 829 moni
219 754 350 852 quidem
368 769 459 833 deest
480 770 627 852 aliquid,
662 770 750 852 quod
771 763 880 832 minus
903 750 1038 854 plenius
1059 774 1107 848 sit3

49 938 52 943 ,
107 898 303 960 quamquam
320 878 354 938 id
369 878 525 939 obscurae
539 879 660 960 potius,
684 900 782 959 quam
797 879 979 944 in‘ornatae
999 883 1109 945 oratio·

24 964 27 971 ἢ
107 985 158 1047 nis'
173 986 288 1047 vitium
305 996 364 1049 est.
406 988 469 1049 Sed
486 987 548 1053 hoe
566 1010 710 1071 quoque,
735 1010 836 1070 quum
852 1011 868 1047 a
886 972 1108 1071 prudentibus

106 1094 164 1171 fit',
199 1095 328 1156 schema
358 1094 421 1156 dici
454 1094 558 1172 solet,
595 1096 682 1158 sicut
707 1096 939 1178 ταυτολογία,
987 1099 1108 1180 idest,

107 1199 253 1286 ejusdem
285 1203 375 1265 verbi
404 1214 460 1266 aut
494 1204 651 1265 sermonis
684 1202 822 1265 iteratio.
875 1204 979 1269 Haeo.
1011 1211 1108 1288 enin,

108 1332 306 1393 quamquam
326 1332 391 1372 non
413 1332 605 1393 magnopere
627 1313 759 1372 summis
784 1312 982 1376 auctoribus
1004 1316 1108 1396 vitan,

107 1417 240 1482 interim
268 1418 387 1479 vitium
414 1417 517 1480 videri
546 1426 676 1501 potest3
710 1419 744 1480 in
764 1417 852 1502 quod
873 1428 971 1504 saepe
1000 1424 1109 1488 incidit
1149 1412 1151 1445 ³

108 1522 205 1589 etiaim
222 1525 355 1605 Cicero,
369 1534 514 1589 'securus
532 1539 599 1589 tam
616 1536 734 1610 parvae
749 1528 1008 1608 observationis,
1036 1535 1110 1596 sieut

105 1633 168 1696 hoc
201 1634 292 1697 locos
349 1628 429 1698 Non'
448 1639 548 1698 solum
575 1638 671 1716 igitur
694 1635 781 1696 'illud
807 1619 970 1717 'judicium
994 1630 1109 1722 judici

106 1746 229 1818 simile,
261 1744 417 1819 ‘Jud1·ces,·
453 1735 518 1806 non
542 1745 612 1828 fuit
637 1746 674 1831 '‘),
722 1744 860 1804 Interim
891 1754 1030 1809 mutato
1051 1770 1111 1811 no·

106 1852 195 1913 mine
220 1852 424 1931 ἐπανάληψις
448 1852 593 1930 dicitur,
634 1848 733 1934 atque
757 1862 806 1913 est
832 1861 864 1912 et
887 1836 1002 1933 ipsum
1031 1856 1112 1919 intes

108 1957 269 2020 schemata
278 1984 287 2032 ;
321 1959 632 2042 quorum'exempla
662 1960 720 2019 illo
750 1958 823 2019 loco
853 1958 1015 2038 reddam,
1055 1985 1113 2048 qno

106 2065 374 2128 virtuteserunt.
416 2065 511 2148 Pejor
525 2067 585 2129 hac
604 2067 797 2152 ὀμοιολογὶα
815 2047 882 2144 est,
917 2089 1010 2149 quae
1028 2058 1114 2134 nulia

6 2242 13 2253 ἱ
106 2175 274 2235 varietatis
293 2173 395 2256 gratia
414 2175 500 2237 levat
518 2176 683 2254 taedium,
707 2188 806 2261 atque
831 2187 881 2237 est
899 2183 970 2238 totu
995 2162 1115 2253 coloris

108 2281 226 2359 unius,
259 2304 342 2364 quae
371 2284 507 2346 maxime
527 2284 782 2368 deprehenditur
801 2304 913 2345 carens
939 2295 1019 2348 arte
1049 2310 1116 2365 ora·

92 2389 209 2481 ¹teriam
247 2412 349 2473 eaque
363 2403 399 2455 et
416 2393 450 2452 in
474 2393 667 2467 sententiis,
702 2403 734 2454 et
758 2391 888 2474 figuris,
922 2400 955 2452 et
976 2378 1117 2481 oompo·

110 2481 376 2581 sitionelonga,
395 2522 461 2562 non
482 2501 598 2561 animis
622 2500 746 2576 solum,
777 2499 833 2561 sed
853 2499 951 2561 etiam
976 2497 1117 2566 auribus

110 2615 160 2667 est
182 2605 409 2690 ingratissima.
452 2608 595 2672 Vitanda
618 2605 842 2693 μακρολογία,
875 2607 907 2667 id
935 2617 1007 2686 est,
1035 2613 1118 2691 ¹'lon-

110 2711 201 2796 gior,
243 2718 346 2797 quani
364 2725 493 2798 oportet
508 2716 578 2794 *'),·
613 2737 742 2794 sermo,
783 2725 821 2775 ut
845 2713 930 2796 apud
959 2715 1116 2781 Livium:

108 2802 218 2902 Legati
243 2843 307 2883 non
332 2823 493 2906 impetrata
518 2846 618 2909 pace,
656 2839 740 2887 retro
763 2825 912 2896 doniam,
950 2825 1039 2886 uude
1063 2848 1120 2890 oe·

109 2944 242 3003 nerant,
284 2932 429 2994 abierunt
455 2933 525 3011 Μ).
575 2933 638 2995 Sed
666 2933 743 2993 huic
774 2930 888 2990 risina
912 2931 1117 3013 periphrasis

108 3038 214 3100 virtus
241 3040 388 3105 habetur.
439 3043 508 3103 Est·
525 3052 555 3104 et
587 3040 800 3121 πλεονασμὸς
827 3039 967 3113 vitium,
1010 3062 1116 3122 quum

110 3151 319 3229 supervacuis
344 3151 451 3212 verbis
473 3158 629 3211 oneratur
655 3147 778 3211 oratio:
820 3146 895 3227 Ego·
914 3150 1115 3213 miserulis

109 3254 191 3315 vidi.
233 3255 325 3317 Satis·
343 3266 393 3318 est
421 3258 511 3320 enim
530 3255 614 3319 vidi.
638 3287 680 3302 -··
720 3253 973 3339 Nonnumquam
1001 3264 1113 3322 tamen

128 3472 461 3490 W

147 3623 171 3694 ‘)
201 3628 289 3683 Cicer.
311 3649 358 3703 pro
381 3628 493 3682 Cluent.
516 3643 539 3680 c.
563 3629 606 3686 35.

135 3718 174 3788 “)
197 3720 397 3793 Multi-‘legunt
420 3734 603 3794 «oporteat»
696 3758 699 3763 -
803 3740 807 3745 ·

119 3813 173 3884 sss)
198 3815 316 3877 Locum,
342 3838 423 3890 quem
444 3818 510 3871 Fab.
535 3817 580 3869 hic
600 3816 742 3870 Liuianum
763 3818 900 3887 designat,
919 3817 1017 3871 frustra
1037 3820 1115 3889 apud

200 3909 257 3962 Lis.
285 3915 465 3981 quaesiveris,
499 3913 550 3966 nisi
570 3911 649 3966 torte
679 3913 798 3982 geminos
821 3914 990 3987 respexeris,
1025 3915 1114 3970 scilic.

202 4005 603 4076 Lssfflemuom
