2610 4800
542 408 693 516 'sto

149 638 281 703 dicente
309 660 375 702 non
403 646 553 701 vacasset
582 637 663 716 tibi,
697 645 806 720 partes
831 633 973 698 intueris
1010 630 1093 725 aden
1118 645 1152 702 ta

149 769 275 813 summa
288 724 467 837 rapuisset.
492 755 525 809 et
540 745 609 808 sere
626 766 729 851 quae
725 742 850 826 impetu
865 743 1020 828 placent,
1043 744 1151 809 miuus

149 863 317 940 praestant
335 852 376 914 ad
393 875 525 914 manum
540 853 652 915 relata.
684 811 748 913 Sed
765 849 848 910 illud
864 872 998 933 quoque
1014 851 1147 918 multum

149 972 218 1038 est,
252 960 357 1044 primo
386 971 521 1045 aspectu
543 960 657 1022 oculos
688 980 888 1051 occupasse,
918 959 1048 1021 etiamsi
1073 981 1142 1021 con·

148 1069 319 1154 temptatio
339 1069 477 1153 diligens
498 1054 673 1132 inientnra
688 1080 755 1145 est,
779 1067 1009 1152 (luodaearguat.
1051 1068 1084 1130 si
1099 1090 1138 1133 ιιιι

149 1177 350 1260 interrogas,
390 1175 493 1262 major
526 1178 582 1240 ille
613 1187 683 1254 est,
718 1179 775 1260 qui
804 1177 964 1260 judicium
999 1177 1135 1258 abstulit,

149 1308 249 1369 quum
269 1287 327 1368 qui
346 1287 475 1347 meruit.
518 1285 650 1362 Etlscio
673 1283 763 1346 hunc
784 1286 941 1352 tutiorem
962 1306 1049 1348 esse:
1065 1282 1135 1348 'scio

148 1393 306 1458 audacius
335 1393 397 1456 sibi
423 1393 463 1455 de
488 1394 599 1455 futuro
628 1392 828 1476 promittere
863 1392 995 1454 Oratio
1023 1392 1152 1456 solicita·

150 1496 395 1589 philosophum
397 1521 462 1562 non
478 1501 583 1562 decet.
603 1500 668 1564 Ubi
684 1500 815 1563 tandem
833 1498 895 1562 erit
912 1499 1007 1562 sortis
1024 1511 1057 1563 et
1072 1520 1152 1569 con-1

149 1620 260 1686 stans,
301 1609 358 1671 nbi
384 1607 569 1694 periculum
597 1607 650 1670 sui
676 1588 795 1686 faciet,
832 1607 891 1690 qui
921 1607 1015 1670 timet
1035 1607 1138 1671 verlini

146 1718 309 1782 Fabianus
329 1738 394 1778 non
423 1726 493 1779 erat
515 1715 721 1800 negligens
713 1738 747 1777 m
771 1716 946 1792 oratione,
979 1715 1037 1778 sed
1056 1735 1137 1778 seca·

149 1848 224 1889 rus:
257 1825 369 1908 itaque
397 1825 520 1886 nihil
512 1825 659 1888 invenies
684 1823 860 1887 sordidum.
910 1825 1027 1886 Electa
1051 1823 1136 1906 verbe

42 1945 48 1950 ’
150 1918 247 2011 suut,
278 1954 344 2004 non
375 1944 520 2018 captata:
553 1955 625 1995 mec
654 1926 758 2016 liujus
774 1933 897 2011 saeculi
921 1955 1011 1994 more
1036 1942 1137 1995 conus

150 2052 300 2103 naturam
318 2062 416 2102 suam
442 2041 607 2124 positast
638 2039 789 2115 inversa;
829 2040 1136 2127 splendida‘tamen‚

151 2148 298 2232 quamvis
312 2128 491 2210 'sumantur
509 2170 526 2210 e
545 2147 667 2209 medio:
700 2169 815 2209 sensus
838 2138 994 2210 honestos
1016 2157 1049 2210 et
1064 2167 1140 2229 mag·

151 2256 265 2317 nificos
284 2257 425 2332 babent,
449 2277 515 2318 non
533 2267 665 2319 coactos
688 2256 720 2317 in
744 2255 952 2333 sententiam,
977 2255 1036 2318 sed
1052 2240 1137 2317 altius

150 2364 278 2425 ductos.
321 2355 511 2428 Videbimus
521 2367 549 2441 ,Ἀ
564 2362 645 2446 quid
669 2384 783 2446 parum
806 2364 949 2425 recisum
970 2363 1049 2438 sit,
1070 2356 1139 2445 quill

150 2493 264 2556 parum
281 2478 463 2547 structum,
503 2470 584 2554 quid
604 2470 669 2532 non'
694 2458 790 2555 hujus
810 2456 955 2533 recentis
968 2470 1138 2578 polituram

133 2600 227 2648 ¹cum
251 2577 521 2661 circumspexeris
549 2581 678 2656 omnia,
713 2578 820 2639 nullas
839 2568 972 2641 videbis
984 2577 1138 2674 angustias

151 2685 276 2748 inanes
314 2682 411 2747 Desit
430 2707 507 2747 saue
529 2668 668 2748 iacietas
691 2708 904 2763 marmorum,
927 2695 960 2748 et
978 2685 1139 2749 concisura

152 2814 311 2876 aquarum
328 2792 491 2854 cubiculis
500 2791 707 2856 'interfluent'
685 2803 783 2871 itum,
803 2803 837 2868 et
848 2793 1001 2877 pauperis
1015 2795 1095 2857 cella
1105 2793 1137 2872 '),

152 2909 186 2961 et
207 2880 369 2988 quidquid
395 2899 485 2960 aliud
505 2883 657 2979 *luxuria,
683 2924 747 2963 non
764 2910 920 2964 contenta
938 2900 1095 2965 decore'
1072 2921 1137 2962 srm-

151 3006 250 3128 plici,
273 3008 404 3071 miscet.
434 3009 524 3091 quod
541 3007 726 3086 dicisolet,
749 3009 1040 3071 donausrectae'st.
1071 3004 1136 3070 At

152 3113 218 3200 jice
235 3137 344 3196 nunc,
366 3116 458 3199 quod
482 3116 522 3179 de
543 3117 782 3199 compositione
800 3139 865 3179 non
883 3092 1028 3179 constat.-
1067 3112 1133 3195 Qui·

152 3221 227 3283 dam
250 3223 338 3310 illam
364 3224 481 3284 volunt
505 3245 575 3286 esse
599 3246 636 3286 ex
656 3224 789 3286 horrido
804 3221 985 3307 comptam.
1019 3223 1135 3308 quidam

153 3351 258 3414 usque
275 3353 313 3393 eo
331 3322 448 3415 'aspera
466 3331 621 3414 gandent,
644 3342 681 3393 ut
699 3332 796 3395 etiam
806 3377 816 3412 ,
839 3344 923 3416 quae
934 3320 1074 3392 ¹mollius
1092 3349 1135 3392 ca·

155 3509 514 3526 m

201 3615 227 3691 *)
243 3616 373 3670 Dividere
387 3633 471 3690 aquas
486 3635 534 3689 per
549 3616 669 3669 minutos
685 3617 794 3670 canales
808 3615 838 3669 in
854 3616 1062 3672 oscitationibus
1074 3629 1134 3688 pne·

241 3713 333 3766 sertim
350 3712 458 3767 aestivis
474 3714 586 3765 Romani
604 3722 814 3767 consueverant.
851 3713 891 3765 Cf.
906 3713 999 3768 Senec.
1013 3715 1054 3766 De
1067 3713 1134 3764 aar·

242 3810 310 3880 quil.
324 3810 404 3861 anim.
422 3825 444 3860 c.
455 3827 484 3875 ι.
513 3809 609 3880 «Quid
622 3810 797 3882 perlucentes
814 3809 849 3860 ad
863 3810 947 3861 imum
962 3826 1047 3881 aquas
1060 3817 1085 3860 et
1097 3802 1132 3856 cit·

242 3904 422 3957 cumllaentes
438 3905 494 3974 ipsa
508 3904 672 3957 conviviai‘n
694 3934 725 3944 -
762 3904 896 3975 Pauperis
913 3905 988 3957 cella
1004 3901 1136 3958 seeundum

241 3999 363 4068 lipsium
382 4000 542 4053 distinctum
563 3999 646 4052 fuisse
669 4000 777 4053 videtur
794 3999 975 4068 cubiculum,
1007 3999 1055 4054 ubi
1072 3989 1139 4052 cttll⁸

241 4091 340 4147 diebus
351 4089 501 4167 pauperum
514 4096 599 4149 instar
613 4094 768 4149 coenabant
783 4094 889 4152 divites.
