2610 4800
621 435 701 512 42¹

117 653 123 683 r
171 632 245 717 ipsi·
263 634 416 719 protinus
431 635 529 698 rebus
545 634 710 698 offerrent.
754 635 817 697 Sed
833 657 908 697 oum
924 635 993 699 sint
1007 635 1082 699 eliis
1100 638 1164 699 alin

165 753 220 805 snt
243 743 345 829 nugis
371 743 504 828 proprio
524 754 581 807 out
602 722 703 829 ningit
725 753 840 808 ornato
856 753 912 806 ont
929 746 1003 828 plus
1020 744 1165 809 efficien-

161 853 285 915 tiuut
302 852 419 916 melios
435 853 607 932 sonantia,
641 854 762 918 debent
786 875 857 916 esse
877 875 943 915 non
962 853 1067 916 solum
1087 864 1165 917 notn

154 960 294 1039 omnis,
317 960 424 1025 sedin
443 972 575 1045 promtu
599 972 717 1045 etque,
748 972 785 1025 ut
805 962 849 1024 ita
870 961 996 1041 dicam,
1029 963 1064 1023 in
1084 985 1165 1025 oon·

152 1074 301 1155 spectu,
321 1080 362 1133 nt
382 1090 458 1131 enm
476 1091 512 1132 se
530 1069 654 1155 jndicio
676 1070 818 1133 dicentis
840 1071 1067 1150 ostenderint,
1089 1071 1166 1134 faoi·

147 1175 329 1241 limbis
348 1178 545 1260 optimorum
564 1179 608 1240 sit
625 1179 752 1241 electio.
795 1179 837 1239 Et
856 1201 942 1262 quoe
959 1179 1043 1242 idem
1064 1180 1167 1265 signi-

148 1284 303 1348 iienrent
322 1284 438 1349 solitos
463 1286 532 1349 seio
556 1287 723 1366 ediscere,
757 1286 973 1369 quo'fnoilius
992 1299 1028 1351 et
1048 1310 1168 1351 occur-

148 1400 251 1455 reret
273 1412 376 1453 unum
397 1414 436 1457 ex
457 1393 628 1477 pluribus,
663 1403 696 1457 et
720 1417 797 1457 oum
821 1406 930 1457 essent
955 1395 1006 1456 usi
1032 1395 1166 1478 oliquo,

151 1498 187 1561 si
204 1500 310 1563 breve
332 1498 419 1567 intro
440 1502 581 1584 spetlum
610 1524 724 1565 rursus
747 1502 989 1565 desideraretur
1004 1503 1055 1580 ')‚
1087 1504 1169 1564 etlu-

153 1606 304 1693 gindne
318 1609 526 1693 repetitionis
543 1610 645 1692 grstia
665 1622 834 1674 sumerent
852 1610 960 1687 uliud,
991 1630 1057 1693 quo
1082 1609 1169 1672 idem

156 1716 307 1801 intelligi
328 1726 448 1801 posset.
490 1717 588 1796 Quod
618 1730 767 1782 comest
791 1719 917 1802 puerile
939 1729 972 1781 et
998 1717 1169 1802 cujusdam

159 1822 312 1887 infelicis
325 1844 456 1909 operae,
478 1835 549 1887 tum
563 1825 661 1891 etiem
677 1826 762 1890 utile
778 1848 909 1912 porum:
933 1826 1060 1889 turbem
1079 1815 1169 1889 enim
1216 1862 1224 1871 ·

160 1932 264 1995 nodo
291 1940 488 2017 congregat,
530 1954 570 1999 ex
606 1957 672 2018 qun
701 1936 774 1999 sine
803 1934 993 1999 discrimino
1026 1948 1169 2022 occupet

165 2038 353 2125 proximum
368 2039 535 2128 qnodque.

474 2314 756 2391 CAPUT
808 2317 862 2392 11.

327 2468 384 2531 De
403 2470 565 2530 ratione
585 2480 621 2527 et
642 2468 820 2529 utilitate
842 2465 1011 2549 legendi.
1036 2512 1045 2522 .
1094 2500 1098 2507 ·

607 2680 637 2749 s.
677 2677 729 2740 70.
845 2652 851 2667 ‘

442 2808 563 2878 ῥύπτει.
596 2811 634 2879 u·
650 2824 673 2860 c·
696 2826 716 2860 ι.
734 2809 758 2875 s·
774 2810 791 2862 ε
808 2804 903 2880 uu)

228 2934 333 2997 Nobis
362 2942 472 2999 sutem
496 2938 591 3020 copia
615 2958 684 2997 cunr
701 2904 828 3016 judicio
845 2934 987 3018 parando
1004 2945 1075 3010 est,
1107 2935 1173 2996 vim

175 3042 301 3123 nundi,
324 3064 391 3105 non
408 3042 654 3106 circulatoriam
673 3043 915 3106 volubilitatem
937 3042 1173 3127 spectantibus.

175 3151 208 3215 Id
232 3164 345 3216 sutem
374 3174 617 3236 consequemur
647 3155 768 3237 optimo
795 3152 927 3233 legendo
956 3167 1047 3240 utque
1079 3152 1175 3213 audi-

177 3261 249 3324 endo
265 3262 322 3338 Ἦ.
363 3262 437 3324 It‘ou
449 3261 542 3324 enim
559 3260 665 3323 solnm
679 3260 812 3322 nomine
828 3262 897 3346 ipsa
912 3282 1023 3324 rerum
1039 3280 1174 3359 cognost-

139 3559 143 3565 ·
217 3536 243 3607 ⁸)
257 3538 326 3593 dlii:
345 3539 373 3590 si
384 3537 462 3590 brevi
476 3538 555 3611 infra
567 3551 653 3591 semet
668 3539 757 3607 iprum
770 3547 825 3590 etc.

205 3630 242 3705 “)
256 3636 299 3688 De
324 3633 668 3711 lectionannecessitate
693 3633 761 3685 baec
783 3632 891 3699 judicat
909 3632 1033 3693 Seneca,
1064 3649 1107 3704 ep.
1128 3632 1171 3698 εί.

188 3767 191 3771 .
256 3728 666 3798 ¹8untautem[lectiones]‚
693 3728 880 3789 srenissimo,
907 3726 1091 3793 necessariae3
1119 3728 1175 3798 pri·

252 3841 345 3887 nrum,
373 3842 410 3877 ue
434 3824 484 3876 sim
506 3840 550 3876 me
577 3841 633 3876 uno
657 3832 822 3876 contentos:
856 3821 976 3884 deinde,
1005 3830 1039 3874 ut
1055 3839 1120 3876 cum
1137 3821 1172 3874 sb

253 3918 314 3973 eliis
330 3921 456 3991 quaesita
469 3936 639 3987 cognovero,
664 3926 724 3971 turn
746 3917 828 3970 etde
841 3917 960 3970 inventis
975 3916 1117 3986 judicem,
1143 3927 1174 3970 et

252 4016 370 4084 sontem
388 4016 424 4068 de
441 4015 622 4068 inveniendis.
658 4012 712 4066 Alit
733 4012 820 4066 lectio
841 4012 1000 4082 ingenium
1031 4023 1061 4067 et
1079 4012 1173 4065 studio

254 4110 416 4180 fluentum,
436 4128 492 4163 non
508 4113 566 4163 sine
580 4109 673 4164 studio
688 4119 797 4171 tamen,
818 4097 915 4163 reti'eit.
