2610 4800
582 467 667 548 243

131 650 267 727 monades
281 670 345 746 (lle
362 669 503 736 andane,
518 669 624 744 panias.
639 677 707 725 orat
723 677 753 725 et
770 685 826 724 sas.
843 667 926 726 riaett
943 689 1003 742 gen.
1020 672 1051 728 ls-
1066 671 1126 733 111.

378 790 439 848 esp.
456 773 493 829 de
511 774 668 828 Poeanstanr
687 771 860 844 generibus).

168 900 331 965 Bucolica
358 902 511 965 instituta
528 912 625 979 sunt,
661 904 747 966 sicut
771 902 903 987 qnidam
921 911 1059 987 putant,
1072 903 1116 967 ”sn

131 1008 294 1087 aeonica,
323 1009 376 1073 rel
405 1019 443 1071 ut
464 1010 540 1087 alii,
570 1009 604 1070 in
628 1009 739 1071 Sicilia
761 1011 798 1087 1”).
840 1011 921 1072 Nam
948 1011 1036 1073 inter
1056 1012 1119 1072 La·

131 1118 342 1181 sdaemonlos
375 1126 408 1182 et
435 1119 565 1181 Siculus
591 1117 682 1179 varia
707 1117 771 1181 fuit
800 1118 981 1181 contentio.
1030 1117 1118 1198 Sed,

131 1226 199 1291 uod
224 1224 268 1287 ad
292 1224 440 1289 Laconas
471 1225 635 1311 pertinet,
671 1226 752 1289 haec
780 1248 892 1289 eorum
924 1226 987 1287 init
1016 1226 1118 1310 origo.

131 1355 178 1397 uo
195 1344 367 1417 tempore,
390 1333 587 1398 adventante
606 1335 712 1396 Xerxe
728 1333 761 1393 in
779 1333 969 1408 Graeciam,
993 1354 1119 1411 omnes,
1183 1332 1189 1340 ’

131 1453 239 1507 uerte
258 1441 437 1518 Laconica,
460 1451 550 1504 metu
564 1442 779 1503 Barbarorum
798 1440 988 1525 perterriti,
1012 1440 1047 1505 in
1069 1440 1119 1504 di·

131 1572 219 1615 usas
251 1560 361 1632 partes
385 1548 507 1633 fugisse
531 1549 732 1624 creduntur,-
765 1558 892 1612 etcum
913 1549 1056 1635 virgines
1076 1548 1118 1611 ti·

131 1678 197 1722 ore
219 1656 381 1721 laterent:
405 1678 444 1721 ex
461 1656 523 1720 hoc
544 1657 711 1733 evenisse,
733 1665 771 1717 nt
791 1678 829 1719 eo
851 1657 925 1733 die,
950 1680 1017 1742 quo
1038 1656 1117 1720 soli-

133 1788 151 1829 s
175 1772 259 1828 erat
284 1764 404 1826 chorus
429 1765 594 1847 virginum
619 1764 742 1826 Dianae
764 1761 930 1848 Caryatidi
958 1765 1117 1849 hymnum

131 1894 247 1950 nere,
273 1892 368 1933 nemo
388 1870 429 1931 ad
448 1872 593 1933 solemne
612 1893 740 1933 sacrum
760 1870 974 1933 inveniretur.
1018 1873 1116 1933 Tunc

131 2002 223 2066 sque
240 1989 387 2064 pastores
403 2000 442 2041 ex
456 2001 531 2042 rure
548 1981 580 2042 in
598 1981 711 2042 urbem
727 1990 973 2058 convenerunt,
997 1992 1049 2057 et,
1073 2000 1116 2045 ne

131 2072 189 2154 tue
231 2104 400 2149 sacrorum
430 2087 741 2175 interrumperetur,
783 2087 939 2171 pastorali
970 2087 1115 2151 carmine

131 2194 315 2281 imposito,
337 2195 424 2257 Deae
441 2194 599 2258 honorem
615 2196 863 2258 celebraverunt
873 2220 882 2269 ς
907 2195 994 2259 unde
1015 2196 1115 2259 ctiam

131 2304 334 2387 »νκολισμὸς
350 2298 469 2366 dictus·
488 2339 528 2352 —
570 2303 598 2366 Α
619 2302 739 2366 Siculis
759 2316 867 2367 autern
886 2304 997 2388 origo,
1028 2327 1114 2389 quae

131 2413 274 2489 abitur,
296 2408 377 2474 laaec
394 2422 453 2474 est
495 2411 681 2496 Antequam
702 2413 816 2489 Hiero,
839 2433 913 2489 rex,
936 2414 1113 2497 Syracusae

131 2527 320 2605 rpugnaret,
343 2520 455 2581 morbo
473 2518 774 2583 Sicilialaborabat.
797 2518 904 2584 Variis
924 2530 957 2582 et
973 2520 1114 2585 assiduis

131 2626 307 2691 tremoniia
321 2626 458 2689 Dianam
474 2627 641 2711 placantes
660 2631 757 2691 linem
778 2629 869 2690 malis
891 2630 1111 2703 invenerunt3

131 2735 246 2797 andem
259 2734 348 2808 Adra
365 2737 698 2819 cognominaverunt,
724 2738 818 2820 quasi
837 2737 1028 2800 solatricem
1045 2760 1115 2800 ms·
1197 2730 1209 2747 “

131 2866 225 2906 irum.
271 2842 350 2906 lude
378 2864 430 2906 res
461 2843 495 2904 iu
524 2845 797 2907 consuetudinem
825 2855 930 2908 tracta
962 2854 1033 2923 est,
1076 2856 1115 2910 ut

131 2973 219 3037 reges
236 2951 437 3014 rusticorum
458 2951 621 3015 theatrum
640 2953 889 3035 ingrederentur
907 2965 939 3017 et
956 2953 996 3016 de
1014 2950 1114 3017 iicto·

135 3085 153 3122 a
171 3070 342 3123 canerent.
369 3061 507 3123 Habitus
525 3081 602 3123 vero
619 3059 806 3144 hujusmodi
826 3061 1003 3124 ridebatur.
1031 3062 1113 3124 Erat

131 3168 200 3229 anis
218 3188 379 3250 magnus,
411 3165 556 3230 omnium
582 3171 724 3231 serarum
745 3170 883 3252 imagine
905 3171 1111 3254 completus,

131 3296 136 3338 :
158 3287 239 3339 uter
254 3296 329 3336 eum
346 3274 443 3354 sino,
477 3286 510 3340 et
527 3276 615 3338 follis
635 3299 710 3338 cum
731 3277 819 3338 omni
839 3278 1039 3362 leguminum
1056 3299 1113 3361 ge·

131 3408 195 3449 ere.
240 3384 350 3445 Inerat
379 3395 411 3447 et
437 3404 557 3447 corona
581 3383 743 3467 incapite
767 3385 855 3447 etin
871 3408 970 3447 manu
990 3385 1110 3469 pedum

131 3504 289 3574 ,aratums
312 3500 411 3575 atque
428 3489 472 3554 ita
489 3491 652 3554 victorum
667 3491 816 3554 omnium
831 3493 916 3556 fores
934 3494 1111 3558 multitudo

131 3751 158 3825 ')
180 3746 311 3805 'Dioclen
328 3748 415 3804 Sicul.
435 3749 454 3803 l.
472 3748 520 3803 Ν.
538 3749 567 3802 in
586 3748 680 3803 Sicilia
698 3748 823 3804 carminis
840 3748 962 3807 bucolici
979 3751 1110 3821 originem

192 3844 320 3901 extitisse
346 3842 505 3910 fabulatur,
543 3846 645 3918 quippe
668 3845 716 3918 qui
738 3846 891 3916 Daphnin,
924 3848 1054 3902 Mercurii
1080 3856 1111 3904 et

188 3938 339 4012 Nymphae
356 3938 461 4005 filium,
490 3950 575 4013 atque
599 3958 615 3993 a
636 3940 769 4013 Nymphis
790 3941 955 4008 educatum,
983 3944 1066 3999 luisse
1079 3944 1109 3998 iu

188 4034 290 4092 sicilia
304 4040 440 4108 pastorem
457 4045 486 4090 et
498 4036 631 4089 musicum
647 4035 783 4106 egregium
795 4037 988 4112 iuvenisseque
1001 4039 1109 4108 βουκο-

182 4130 279 4193 λικὸν
294 4130 429 4205 uolnus,
446 4131 592 4186 memoriae
608 4132 714 4203 prodat.
