2610 4800
722 365 818 483 se

251 609 319 675 vile
336 615 414 671 erat.
457 606 495 670 in
513 604 706 690 quibusdem
722 605 806 666 ratio
819 602 990 667 manifeste
1001 591 1066 667 eet}
1114 604 1264 669 Risimu.

253 729 288 782 ei
304 715 419 780 merito
443 736 549 800 nuper
567 725 717 799 poetam,
741 713 800 797 qui
820 711 964 775 dixerat:
982 711 1009 789 *t

402 866 578 927 Praetixtam
600 873 631 924 in
654 873 723 926 cirea
744 887 833 924 mures
854 887 947 924 rosere
970 867 1107 932 Camilli,

254 1001 299 1064 At
319 999 450 1084 Virgilii
472 986 626 1062 miramur
646 998 751 1060 illud:

402 1170 434 1184 ..-
472 1124 504 1184 ..¹
541 1170 574 1185 ..-
611 1169 645 1182 -
679 1159 760 1214 saepe
783 1141 897 1208 exiguus
919 1156 980 1192 mus
995 1135 1041 1209 “i

211 1270 216 1339 [
252 1284 336 1349 Nem
352 1284 520 1367 epitheton
541 1283 695 1367 exiguus,
716 1290 827 1366 aptum
849 1281 1035 1366 proprium,
1059 1280 1204 1362 effecit,
1228 1304 1264 1347 ne

254 1393 329 1480 plus
349 1402 630 1478 exspectaremus,
654 1403 687 1455 et
703 1413 796 1453 casus
813 1391 985 1474 singularis
1003 1389 1104 1473 magis
1125 1392 1263 1467 decuit;

255 1511 289 1566 et
310 1502 456 1564 clausula
471 1501 540 1586 ipsa
562 1500 660 1567 unius
683 1499 843 1584 syllabae,
867 1522 933 1560 non
955 1499 1095 1575 usitata,
1133 1500 1263 1565 addidit

254 1609 400 1696 gratiam.
441 1610 591 1674 imitatae
615 1619 664 1672 est
681 1607 794 1693 itaque
813 1619 991 1690 utrumque
1008 1604 1198 1672 Horatiuse

531 1759 670 1812 Nascetur
690 1754 828 1810 ridiculus
848 1772 907 1809 mus
920 1752 981 1824 m).
1031 1812 1034 1817 ¹

228 1910 324 1991 ‘Nee
338 1925 484 2011 augenda
495 1946 622 2009 semper
637 1923 760 2000 oratio,
783 1921 842 1986 sed
855 1919 1075 1985 submittenda
1089 1942 1262 1986 nonnum·

255 2056 355 2121 quem
378 2046 439 2097 est.
490 2032 568 2096 Vim
594 2031 691 2093 rebus
718 2030 893 2115 aliquando
922 2038 955 2092 et
985 2029 1053 2113 ipsa
1080 2031 1260 2095 verborum

254 2142 423 2206 humilitas
447 2140 568 2202 adfert:
841 2128 844 2133 ¹

260 2306 263 2311 .
320 2252 432 2328 Quum
451 2247 757 2311 sinteutemverba
774 2244 922 2331 propria,
953 2245 1047 2324 ficta,
1078 2247 1258 2317 translatu

255 2356 398 2443 propriis
422 2356 612 2441 dignitatem
629 2356 684 2421 dat
702 2378 896 2432 auriqurrrs.
938 2356 1085 2436 Namque
1107 2364 1141 2417 et
1165 2377 1259 2418 sane·

258 2466 377 2530 tiorem
394 2475 429 2528 et
445 2466 544 2548 magis
567 2465 787 2527 admirabilem
804 2464 931 2525 faciunt
948 2463 1149 2541 orationem,
1189 2462 1259 2548 qui-

258 2575 321 2638 bus
336 2596 402 2635 non
421 2573 559 2656 quilibet
573 2574 680 2634 suerat
697 2594 815 2633 usurus
831 2573 918 2651 Μ’).
938 2607 977 2620 -·
994 2606 1033 2619 -
1074 2569 1140 2632 Sed
1162 2584 1257 2637 uteu-

258 2681 339 2743 dum
361 2680 477 2758 modo,
513 2701 574 2742 nee
591 2701 630 2757 ex
649 2678 934 2745 ultimistenebris
950 2677 1136 2763 repetenda.
1154 2714 1205 2769 ·.‘
1222 2714 1257 2731 .-

260 2809 415 2866 rueeear,
445 2796 484 2848 ut
502 2788 606 2872 primo
624 2787 709 2850 libro
729 2790 764 2866 ᾧ)
782 2787 868 2866 dixi,
900 2786 1034 2849 Graecis
1055 2785 1156 2870 magis
1181 2810 1259 2851 eon·

261 2922 600 2943 Μ

268 3038 272 3045 ·
293 3021 319 3092 ’)
345 3020 415 3093 Quis
431 3021 516 3075 fuerit
530 3021 583 3074 iste
597 3029 696 3093 poeta,
716 3038 752 3074 ne
767 3020 928 3086 conjecture
942 3017 1053 3090 quidem
1069 3036 1166 3074 eruere
1183 3021 1257 3077 licet·

287 3114 326 3185 ”)
347 3119 423 3188 Virg.
444 3119 541 3184 Georg.
567 3118 588 3171 Ι.
610 3134 635 3168 v.
662 3119 718 3170 181.

207 3256 212 3271 ,
268 3208 323 3281 m)
349 3210 414 3266 lior.
433 3211 475 3263 Ad
496 3211 586 3265 Pison.
608 3228 633 3262 v.
659 3211 717 3276 ¹39·

262 3304 329 3375 ms)
351 3306 394 3358 De
415 3305 581 3376 antiquitate
603 3302 747 3355 verborum
767 3299 801 3354 cl.
822 3299 842 3353 l.
863 3303 885 3354 1.
907 3316 932 3356 c.
953 3303 978 3354 6.

297 3399 328 3470 †)
351 3402 382 3455 L.
398 3402 420 3452 1.
434 3414 493 3470 cap.
508 3402 531 3452 5.
546 3400 569 3465 §.
584 3399 695 3465 70-73.
711 3395 758 3449 ubi
772 3396 811 3449 sic
825 3397 937 3463 legitur:
956 3397 1075 3467 Propria
1089 3405 1156 3450 sunt
1167 3397 1257 3461 verbe,
1295 3444 1297 3459 ,

349 3512 413 3549 cum
436 3493 465 3548 id
489 3492 658 3562 significant,
691 3493 721 3544 in
746 3491 822 3565 quod
845 3492 958 3562 primum
980 3492 1157 3545 denominata
1179 3502 1256 3559 euut;

351 3592 511 3654 nuntiata,
546 3606 608 3643 cum
634 3588 718 3641 alium
741 3598 839 3641 natura
861 3587 1054 3652 intellectum,
1088 3589 1175 3641 alium
1199 3589 1259 3642 loeo

312 3670 315 3677 ¹
352 3685 493 3754 praebent
530 3685 643 3738 Uritatis
660 3684 745 3737 tutius
765 3683 882 3749 utimur3
907 3700 977 3734 nova
995 3701 1049 3735 non
1066 3683 1125 3735 sine
1141 3685 1260 3757 quodem

352 3779 477 3851 periculo
494 3781 626 3849 fingimus.
664 3779 733 3831 Nam
750 3779 772 3830 si
789 3785 900 3847 recepta
918 3786 983 3830 suut
1000 3776 1134 3830 modicam
1150 3778 1262 3834 laudem

356 3870 483 3926 adierunt
504 3876 634 3944 orationi3
661 3872 804 3946 repudiata
821 3870 904 3923 etiam
921 3871 950 3923 in
968 3873 1041 3939 jocos
1058 3882 1170 3926 exeunt.
1209 3854 1262 3927 Aa·

355 3968 478 4023 tiendum
494 3978 601 4035 umen,
620 3987 739 4043 namque
756 3977 787 4021 ut
803 3966 899 4021 Cicero
914 3967 968 4030 ait,
988 3966 1071 4019 etiam
1089 3985 1161 4040 quae
1176 3969 1263 4040 primo

356 4064 424 4117 dura
438 4065 499 4117 eise
517 4076 596 4129 sunt,
621 4084 672 4118 usu
688 4063 859 4119 molliuntur.
895 4063 952 4117 Sed
972 4062 1082 4115 minime
1100 4063 1180 4117 nobis
1200 4081 1265 4117 eun·

1289 736 1292 801 Ι
