2610 4800
511 440 592 519 56l

36 620 46 630 '⁵
87 640 222 725 apsentis
246 651 318 718 ast,
350 638 408 704 sed
432 642 608 705 monentis.
659 639 698 703 ltl
724 658 828 703 annm
851 637 969 724 epilogi
995 659 1052 723 ge·

19 828 22 839 Ι
87 767 127 812 aaa
149 749 255 812 sianm
279 759 329 814 cst
354 749 520 833 plerisque
547 749 756 824 Atticorum,
789 756 823 811 et
848 747 1050 831 philosophis

35 940 38 947 Ι
68 856 314 945 ΙἱεῐοοιιιιιίΙπιι,
348 856 406 943 qui
434 858 473 920 de
499 869 568 920 arte
588 858 729 920 oratoria
752 857 911 941 scriptum
927 853 1053 938 aliquid

11 1004 18 1014 ·
81 964 274 1050 reliquerunt.
315 966 351 1028 ld
369 966 510 1028 sensisse
529 965 656 1027 Atticos
679 964 797 1041 credo,
819 965 896 1048 quia
912 964 1050 1027 Athenis

11 1058 23 1101 ²⁰
78 1072 190 1136 oetas
223 1095 353 1137 movere
374 1074 471 1137 etiam
505 1090 563 1157 per
591 1095 785 1156 praeconem
822 1072 1053 1156 prohibebatur

74 1191 166 1245 orator
180 1182 218 1260 1’).
260 1181 475 1265 Philosophus
495 1182 602 1243 minus
622 1182 743 1258 miror,
774 1180 860 1262 apud
877 1201 960 1262 quos
977 1177 1053 1242 vitii

71 1284 130 1351 ioco
147 1299 209 1367 cst,
231 1289 332 1352 affici:
363 1312 423 1353 ner.
440 1290 516 1351 boni
539 1310 643 1350 mores
664 1288 840 1366 videntur,
864 1287 951 1349 sica
973 1307 1052 1348 vero

68 1392 201 1481 jadicem
219 1398 339 1460 averti:
368 1419 429 1460 nec
448 1398 623 1460 convenire
647 1398 734 1458 bono
757 1397 846 1472 viro,
873 1395 962 1457 vitiis
993 1393 1052 1457 uti.

66 1504 264 1571 Necessarios
288 1517 394 1568 tamen
414 1507 549 1567 affectus
568 1505 778 1580 fatebuntur,
810 1501 839 1564 si
857 1501 952 1562 aliter
967 1499 1052 1562 obti-

66 1614 129 1677 neri
147 1635 223 1676 vera
238 1622 272 1676 et
288 1614 395 1697 justa,
419 1622 451 1675 et
466 1613 499 1673 in
517 1633 688 1673 commone
704 1611 872 1694 profutura
894 1630 958 1669 non
978 1629 1054 1690 poa-

64 1723 133 1785 sint.
175 1723 327 1784 Ceterum
349 1720 433 1781 illud
452 1720 604 1783 constitit
628 1720 714 1781 inter
732 1739 867 1793 omnes,
900 1717 997 1778 etiam
1017 1714 1053 1778 in

64 1828 132 1893 aliis
156 1831 303 1914 partibus
322 1828 482 1906 actionis,
506 1829 533 1890 si
551 1827 718 1912 multiplex
734 1847 830 1887 cansa
846 1824 890 1887 sit
903 1835 936 1887 et
950 1823 1056 1908 plari-

64 1937 120 2001 ltas
140 1939 338 2022 argumentis
357 1938 507 2013 defensa,
529 1935 656 1997 utiliter
671 1933 968 2016 ἀνακεφαλαίωσιν
984 1929 1056 1995 fieri

65 2045 187 2109 solere:
218 2046 305 2108 sicut
325 2068 419 2108 nemo
444 2044 663 2120 dubitaverit,
693 2042 810 2103 multas
830 2063 900 2103 esse
921 2063 1055 2119 causas,

64 2153 96 2215 in
115 2153 236 2238 quibus
258 2153 350 2215 nullo
369 2155 445 2216 loco
463 2153 505 2214 sit
526 2150 725 2229 necessaria,
749 2150 777 2211 si
796 2151 909 2211 breves
927 2160 961 2210 et
977 2149 1057 2209 sim-

65 2261 163 2347 plices
182 2261 315 2324 suerint.
357 2264 443 2325 llaec
462 2284 534 2345 pars
558 2260 773 2344 perorationis
794 2257 979 2321 accusatori
997 2278 1057 2342 pa·

66 2379 224 2453 nonoque
241 2390 280 2432 ex
297 2391 402 2454 aequo
423 2370 605 2431 communis
626 2378 685 2431 est.

34 2486 38 2491 '
120 2478 296 2563 Affictibus
317 2500 450 2561 quoqne
472 2477 587 2539 iisdem
608 2480 675 2539 fere
694 2485 851 2538 ntuntnrs
874 2475 932 2538 aed
949 2473 1072 2537 rarins'

68 2582 136 2665 liic,
159 2586 215 2648 ille
237 2585 365 2668 saepius
385 2606 422 2646 ac
443 2587 552 2668 magis.
583 2586 663 2645 Nam
681 2585 769 2661 huic,
788 2584 954 2645 concitare
970 2580 1058 2664 judi-

70 2715 128 2771 ces,
151 2693 213 2772 illi,
234 2693 377 2769 llectere,
397 2694 560 2755 convenit
588 2695 709 2757 Verum
726 2701 758 2753 et
773 2700 944 2752 accusator
960 2690 1057 2753 habet

72 2797 194 2864 interim
212 2800 360 2863 lacrimas
379 2822 417 2862 ex
436 2800 644 2861 miseratione
665 2797 733 2882 ejus
752 2798 819 2874 rei,
843 2820 939 2879 qaam
956 2796 1057 2857 ulcis·

73 2906 164 2970 citur:
187 2919 221 2971 et
240 2929 315 2970 reus
334 2908 373 2970 de
394 2906 587 2991 indignitate
607 2906 788 2969 calumniae
805 2903 1056 2986 conspirationis

73 3014 288 3079 vehementius
309 3016 443 3080 interim
467 3016 625 3099 queritur.
672 3014 827 3077 Dividere
856 3014 957 3096 igitur
975 3013 1058 3075 haec

73 3123 165 3187 officia
193 3124 512 3202 commodissimum,
553 3147 636 3209 qnae
665 3125 857 3207 plerumque
885 3133 982 3199 sunt,
1016 3130 1059 3184 -nt

74 3226 127 3292 ‹liai
142 3232 207 3310 ”)‚
238 3232 405 3316 prooemio
425 3231 564 3309 similia,
594 3233 651 3294 sed
668 3233 818 3294 liberiora
835 3230 1058 3315 plenioraqua·

9 3384 12 3394 .
75 3335 239 3402 Inclinatio
252 3340 339 3401 enim
357 3338 505 3423 judicum
524 3341 565 3401 ad
582 3362 640 3402 nos
660 3341 784 3423 petitur
803 3339 899 3400 initio
916 3340 1058 3422 parcius,

9 3494 13 3503 .
77 3463 164 3525 qnam
191 3447 317 3510 admitti
341 3450 419 3511 satia
446 3458 511 3526 est,
543 3458 576 3510 et
600 3448 705 3509 oratio
727 3458 796 3510 tota
814 3458 983 3531 superest:
1024 3446 1059 3508 in

8 3589 15 3600 ·
77 3554 188 3638 epilogo
205 3577 284 3618 vero
302 3567 370 3636 est,
405 3557 536 3640 qualern
553 3557 697 3617 animum
716 3554 813 3638 judex
832 3558 865 3624 in
887 3555 1061 3618 consilinm

9 3659 15 3718 l
77 3657 164 3741 lant,
187 3673 220 3725 et
237 3661 301 3747 jam
319 3642 400 3725 nihil
421 3665 559 3747 amplius
576 3665 697 3726 dicturi
715 3667 846 3742 samias,
870 3687 930 3726 nec
946 3670 1060 3742 restat,

9 3801 14 3814 ·
80 3785 132 3846 quo
149 3791 324 3834 servemus.
365 3774 426 3836 Est
445 3773 545 3857 igitur
564 3774 713 3857 utrisque
731 3794 903 3835 commune
914 3817 924 3852 ‚
949 3771 1064 3834 conci-

80 3866 146 3938 liare
165 3877 246 3956 sibi,
276 3888 422 3943 avertere
440 3882 480 3943 ab
498 3880 682 3942 adversario
698 3878 864 3966 jndicem,
896 3879 1064 3944 concitare

89 4031 420 4057 w

118 4109 141 4183 ‘)
157 4115 198 4168 Cl.
209 4134 291 4189 snpra
307 4137 332 4191 p.
347 4122 406 4175 aas.
424 4127 481 4173 not.
499 4121 524 4173 3.

108 4201 142 4276 *')
157 4200 299 4285 Respicere
314 4212 424 4271 ridetur
440 4214 474 4267 ad
492 4214 511 4269 l.
530 4213 576 4269 IV.
593 4229 615 4268 c
637 4231 658 4268 ι.
674 4215 696 4280 t.
715 4229 747 4284 ²7
765 4221 794 4268 et
811 4217 852 4270 28.
