2610 4800
590 422 676 500 319

139 622 340 689 commodius
365 622 513 708 potuisse
539 623 626 686 idem
649 621 831 706 conseqni3
864 630 922 684 ont
943 642 1008 687 non
1031 621 1072 688 iis
1094 643 1133 691 ss

142 756 206 797 esse
231 733 397 809 moribus,
422 754 486 793 non
510 754 546 794 en
567 730 654 803 vite;
678 743 734 794 out
754 731 862 793 nultos
882 731 982 792 animi
1002 742 1131 813 motus,

144 853 192 904 eut
218 862 284 903 non
311 852 378 903 tem
407 840 604 922 impotentes
629 839 739 900 fuisse.
776 813 995 923 ¹Fncultntum
1012 851 1133 904 nutem

136 948 356 1031 'intimatione
378 957 509 1024 utetur,
542 947 569 1008 si
597 946 779 1022 nutrires,
810 957 867 1006 sut
885 947 1045 1023 animum,
1075 957 1133 1012 snt

146 1056 263 1141 eopins,
286 1064 342 1117 unt
360 1076 437 1138 opes
460 1055 602 1116 abfuisse
623 1053 881 1131 demonstrabit,
913 1064 971 1118 ent
990 1040 1134 1119 alienum
1228 1077 1231 1083 ·

146 1172 281 1249 tempus,
312 1172 369 1224 unt
394 1160 505 1223 locum
532 1183 597 1222 non
621 1161 796 1238 idoneum,
830 1164 887 1223 out
908 1163 1027 1225 multos
1048 1163 1135 1225 urbi·

146 1280 224 1351 nos,
247 1292 388 1356 qnorum
407 1269 554 1331 crederet
575 1269 720 1331 neminis
743 1280 800 1331 eut
819 1289 886 1330 non
905 1279 1019 1333 setam
1038 1269 1133 1355 inep-
1201 1268 1204 1273 ’

146 1380 238 1460 tuns,¹
259 1391 298 1443 nt
321 1378 355 1440 id
376 1378 577 1460 susciperet,
611 1377 699 1461 qnod
723 1377 890 1441 occultare
917 1399 981 1440 non
1004 1389 1132 1462 possets

145 1508 245 1572 nsque
260 1497 326 1548 tom
342 1496 515 1562 umentem,
533 1495 571 1547 ut
583 1506 704 1568 poenos
716 1506 753 1546 uc
765 1482 886 1568 judicis
899 1495 1134 1551 contemneret.

140 1595 379 1679 Consequentia
395 1603 503 1655 antem
525 1592 630 1654 diluet
650 1592 861 1674 exponendo,
881 1613 955 1654 non
982 1613 1051 1655 esse
1077 1592 1134 1654 ille

143 1714 224 1767 certe
247 1702 370 1764 indicio
395 1701 492 1778 fucti,
526 1721 610 1784 qnae
629 1701 728 1763 etiam
748 1701 839 1762 nullo
859 1700 999 1762 admisso
1018 1720 1135 1764 cunm

144 1810 196 1895 qni
227 1819 384 1892 possent3
425 1809 653 1891 consistetque
686 1801 914 1892 in‘singulis5
947 1818 980 1871 et
1012 1832 1048 1872 ea
1076 1817 1134 1870 snt

142 1938 269 1996 eornm,
300 1938 384 2000 quoe
402 1915 470 2000 ipse
490 1918 576 1978 fucta
602 1937 672 1977 esse
704 1915 810 1993 dicet,
840 1917 970 1999 propris
989 1916 1135 1979 essede-

141 2025 249 2088 iendet
272 2025 399 2108 potins,
423 2046 520 2108 quom
544 2023 712 2099 criminis,
736 2035 792 2086 unt
811 2025 837 2084 si
856 2024 917 2085 sibi
938 2047 1013 2087 cum
1032 2047 1135 2086 necn-

142 2143 242 2196 sstore
263 2133 446 2196 communis
467 2144 595 2207 essent,
626 2154 684 2215 pro
703 2133 851 2216 periculo
869 2134 999 2216 potius,
1033 2156 1134 2217 quum

143 2253 251 2304 eontra
275 2240 415 2303 sulutem
438 2241 547 2303 valere
570 2239 708 2317 debere,
744 2240 945 2323 testiumque
976 2251 1008 2303 et
1032 2263 1135 2324 quee-

143 2350 280 2413 stionum
294 2369 396 2431 genus
414 2348 615 2425 universum,
639 2357 672 2410 et
689 2348 778 2431 qnod
795 2349 927 2432 poterit,
946 2349 979 2409 in
995 2348 1132 2434 singulis

143 2476 175 2519 ex
197 2456 462 2541 reprehensionis
483 2456 586 2533 locis,
618 2455 797 2539 dequibus
818 2464 894 2518 unte
918 2455 1131 2535 dictumest,

143 2563 274 2628 refellet.
316 2565 438 2624 Harum
466 2584 636 2624 censorum
664 2560 846 2645 principie,
885 2556 1062 2646 'suspiciosa
1092 2563 1133 2627 sd

143 2672 346 2735 acerbitatem
373 2672 413 2732 ob
435 2683 624 2733 accusatore
646 2683 828 2754 poneutnr;
861 2671 1134 2743 denuncinbitur·

144 2800 199 2863 que
227 2776 418 2840 insidiarum
442 2799 613 2841 commune
633 2778 816 2861 periculum
837 2778 1132 2861 excitabunturque

143 2886 258 2965 enimi,
292 2894 330 2947 ut
356 2885 537 2948 attendent.
580 2889 683 2948 Areo
706 2895 814 2947 cutem
840 2886 973 2970 querele
998 2884 1133 2949 conflati
1180 2937 1182 2943 .

143 2992 306 3072 criminis,
339 2992 553 3056 collecturum
567 2993 790 3076 suspicionum
811 3004 843 3056 et
859 2989 1060 3056 accusatoris
1080 2992 1134 3055 in·

143 3102 238 3165 sidise
256 3108 289 3165 et
303 3100 382 3163 item
402 3122 574 3163 commune
591 3102 771 3184 periculum
789 3103 992 3186 proferetur,
1016 3100 1134 3163 onimi-

144 3231 201 3294 que
219 3208 262 3271 sd
284 3208 540 3271 misericordium
564 3209 753 3272 allicientur
777 3219 811 3272 et
842 3208 970 3272 modice
990 3210 1134 3273 benevo-

142 3316 239 3383 lentia
263 3315 411 3402 judicum
437 3317 619 3399 colligetur.
643 3353 682 3366 -
705 3354 744 3366 -

197 3426 234 3488 C.
252 3426 287 3486 F.
328 3426 419 3488 Scire
433 3425 511 3486 mihi
527 3423 591 3508 jum
606 3426 737 3504 videor,
760 3426 1031 3509 quemadmodum
1052 3449 1135 3490 con·

140 3526 262 3614 iectura
280 3532 450 3596 tractanda
471 3534 533 3594 sit:
575 3555 664 3594 nuuc
690 3534 729 3597 de
747 3534 937 3598 definitione
956 3535 1132 3597 audiemus.

140 3644 228 3727 c.·1².
272 3642 466 3704 Communia
493 3641 612 3705 duntur
641 3641 675 3702 in
706 3643 769 3701 isto
801 3664 917 3725 genere
949 3642 1133 3706 accusatori

139 3749 369 3832 defensorique
387 3760 567 3832 praecepto.
611 3742 691 3811 Ut‘er
709 3749 797 3810 enim
815 3750 999 3812 definiendo
1014 3750 1134 3812 deseri·

138 3856 312 3939 bendoque
336 3858 436 3918 verbo
457 3857 555 3939 magis
577 3857 615 3917 nd
638 3878 768 3918 sensum
789 3854 907 3938 judicis
921 3854 1134 3941 'opinionem-

141 3987 202 4047 que
221 3964 420 4047 peuetrarit,
453 3973 485 4026 et
500 3975 575 4027 uter
593 3965 633 4026 nd
653 3985 857 4037 communem
876 3965 966 4027 verbi
984 3966 1070 4042 vim,
1100 3974 1134 4028 et

140 4074 180 4135 nd
199 4095 272 4143 essm
290 4072 572 4157 praeceptionem,
595 4095 694 4156 quam
713 4071 896 4137 inchoatum
913 4073 1080 4139 habebunt
1093 4073 1132 4135 'in
