2610 4800
596 436 682 515 ua

153 630 295 703 slflores
309 636 356 701 ιο]
376 637 441 699 mel
466 604 655 700 laciendum
673 635 809 699 idoneos
830 643 989 718 carpunt:
1021 632 1143 697 ‹lcindc

152 742 305 831 quidquid
321 747 485 823 attulere,
508 746 708 829 disponunt,
731 766 770 807 uc
788 762 847 828 per
862 746 953 807 favos
972 743 1141 826 digercutz

151 866 196 935 st,
218 867 255 919 ul
271 853 430 937 Virgilius
449 851 646 929 conteruit,

292 1104 325 1123 a·
361 1102 395 1121 α·
429 1076 571 1152 liquentia
589 1077 672 1130 mella
1001 1108 1007 1121 ·

292 1183 422 1253 Stipant,
451 1195 480 1238 st
497 1178 576 1237 dalei
591 1176 757 1236 distendunt
774 1194 886 1237 motare
905 1181 1000 1235 sellu.
1014 1179 1040 1252 ⁴¹)

147 1392 190 1457 us
206 1392 276 1457 illis
296 1412 363 1455 uon
381 1393 460 1456 satis
478 1401 628 1471 constat,
662 1400 773 1453 utrum
795 1412 929 1454 succum
951 1411 991 1455 ex
1011 1389 1146 1453 floribus

149 1500 290 1576 ducant,
323 1500 382 1583 qui
403 1500 555 1582 protinus
580 1500 644 1563 mel
670 1501 724 1563 lits
759 1522 800 1560 an
821 1522 905 1583 quse
924 1500 1146 1582 collegerunt,

151 1607 180 1671 iu
196 1608 291 1671 lruuc
307 1628 457 1691 saporem
475 1609 615 1669 mixtura
629 1608 791 1691 quadam,
815 1619 847 1671 et
862 1608 1061 1691 proprietate
1080 1607 1149 1689 spi-

152 1716 228 1780 ritus
254 1714 316 1778 -sui
355 1726 495 1781 mutent.
547 1716 753 1794 Quibusdam
790 1717 877 1779 euim
915 1714 1043 1800 placet,
1078 1735 1148 1777 nou

153 1823 291 1887 tetendi
317 1822 425 1886 mellis
452 1824 622 1887 scientiam
653 1847 723 1886 essa
753 1824 842 1902 illis,
875 1825 938 1886 sed·
960 1821 1149 1906 colligendi.

156 1929 266 2015 licut,
295 1928 437 1993 inveniri
458 1932 545 2014 apud
563 1931 660 1992 Indos
678 1931 739 1993 snel
764 1932 797 1993 in
821 1930 1148 2009 arundinuml'oliis,

107 2076 116 2090 ·
156 2040 236 2121 quod
256 2048 388 2103 autres
411 2039 500 2100 illius
521 2039 626 2117 coeli,
650 2049 707 2100 aut
727 2040 828 2122 ipsius
847 2040 1017 2101 arundinis
1034 2037 1152 2099 humor
1267 2048 1270 2063 '

154 2144 252 2211 tucis
282 2158 316 2211 ct
335 2146 490 2231 pinguior
511 2149 630 2230 gignat.
673 2151 712 2211 In
737 2148 857 2209 nostris
883 2168 1017 2230 quoque
1041 2145 1150 2208 herbis

107 2269 121 2304 ²
155 2254 214 2317 tim
237 2256 408 2333 eamdem,
451 2255 508 2317 sed
537 2255 645 2317 minua
675 2255 880 2318 manifestam
912 2267 945 2318 ct
975 2254 1153 2318 notabilem

155 2364 242 2447 poni:
268 2384 367 2447 quum
387 2373 605 2447 persequatur
622 2372 655 2425 et
675 2363 849 2426 contrahat
864 2362 984 2423 animal
1006 2338 1084 2424 huic
1104 2361 1153 2424 rei
1190 2386 1193 2391 ·

158 2470 308 2553 genitum.
349 2471 489 2550 Quidam
512 2471 719 2547 existimant,
751 2470 926 2533 conditura
953 2481 986 2533 et
1012 2470 1154 2553 disposi-

147 2558 242 2643 ¹lione
265 2578 300 2641 iu
327 2576 413 2641 hanc
442 2578 635 2662 qualitatem
660 2578 765 2654 verti,
798 2600 882 2660 quae
903 2599 941 2640 ex
968 2575 1153 2640 tenerrimis

162 2684 329 2749 virentium
347 2683 603 2770 florentiumque
624 2687 864 2769 decerpserint:
897 2706 963 2746 uon
982 2686 1054 2747 sine
1070 2705 1153 2767 qno·

166 2790 245 2870 lam,
276 2804 315 2856 ut
332 2793 376 2855 ita
398 2793 524 2871 dicum,
554 2796 736 2866 fermento,
768 2814 834 2875 quo
853 2793 887 2853 in
906 2814 1008 2854 uuum
1027 2792 1155 2854 diversa

107 2906 110 2916 '
154 2900 419 2991 ''ccolescunt**).
461 2901 525 2964 Sed
544 2925 585 2964 ne
601 2902 642 2963 ud
663 2901 774 2979 aliud,
810 2924 907 2985 quam
932 2901 981 2988 (le¹
1000 2923 1066 2983 quo
1084 2900 1154 2982 agi-

107 3074 109 3083 ,
169 3012 231 3099 mr
257 3008 421 3089 abducar,
455 3031 514 3071 nos
533 3030 667 3092 quoque
687 3030 762 3090 apes
780 3008 934 3070 debemus
954 3008 1097 3086 imitari,
1121 3015 1155 3070 et

163 3112 383 3199 'quoecumque
404 3138 443 3178 ex
465 3116 593 3179 diversa
616 3114 761 3178 lectione
788 3118 1030 3199 congessimus,
1062 3124 1155 3198 sepsi-

158 3236 244 3283 ·mer
266 3223 383 3285 melius
404 3224 493 3287 enim
518 3224 675 3286 distincta
694 3235 880 3286 servantur:
903 3223 1041 3300 deinde,
1062 3220 1155 3283 adhi-

107 3354 125 3407 ς.
175 3320 226 3389 litt
240 3328 363 3414 ingenii
382 3330 485 3392 nostri
503 3350 581 3391 cura
599 3341 631 3392 et
646 3330 815 3407 facultate,
838 3330 871 3391 in
888 3353 990 3391 nuum
1006 3351 1155 3412 saporem

110 3456 116 3484 ⁵
175 3434 247 3497 uris
263 3436 319 3498 itta
336 3438 515 3499 libamenta
530 3439 749 3501 coniuudere:
771 3447 822 3517 ut,
843 3431 941 3501 etiam
956 3437 985 3500 si
1002 3457 1156 3521 apparue-

113 3627 135 3675 ᾗ
186 3620 325 3709 ''We-5.
341 3628 527 3696 Aen.l,432
539 3647 615 3702 seqq.

130 3735 138 3767 2
196 3704 234 3788 “l
246 3708 385 3776 laniarunt
401 3725 585 3793 expositorum
600 3723 729 3778 aSenecs
743 3723 780 3778 de
795 3741 876 3796 apum
892 3723 1033 3779 mellificio
1049 3722 1158 3796 opinio·

107 3814 146 3865 .c':⁸
243 3834 305 3871 uum
321 3820 464 3873 veritatem
479 3818 561 3872 hodie
575 3821 639 3872 satis
654 3837 711 3874 esse
729 3808 911 3891 explicatam,
931 3827 1045 3874 constat,
1082 3819 1157 3872 Loca

110 3928 140 3965 ·-·ῖ4
193 3942 196 3946 -
244 3922 308 3970 vett.
328 3913 387 3966 huc
401 3915 567 3985 pertinentia
583 3915 695 3982 collegit
712 3913 878 3973 Schneider*
891 3915 925 3968 ad
939 3917 1051 3969 Varron.
1069 3915 1104 3968 de
1119 3917 1156 3966 Re

107 4027 150 4077 pc·
244 4006 341 4061 llustic·
356 4027 382 4080 p
398 4009 546 4079 569-584.
577 4011 643 4066 Prae
656 4011 735 4083 reliq.
747 4012 1027 4073 adeunducl'linins,
1046 4010 1080 4062 Η.
1095 4008 1155 4063 Nat.

247 4099 274 4153 l·-
288 4104 334 4159 xt.
351 4118 374 4162 t·
390 4112 485 4163 5-21.
567 4122 574 4128 ·
1056 4100 1058 4104 ’

914 4209 957 4265 29
