2610 4800
105 638 171 703 uni
201 638 368 727 propriis,
409 637 568 721 liguratur
603 636 718 701 oratio.
767 638 828 700 Est
859 648 969 700 autem
1003 656 1068 700 non

156 881 194 936 Et
207 880 282 953 apud
298 881 441 948 Tragicos:
466 879 506 932 Et
515 880 575 952 jam
591 879 634 931 leo
647 880 757 948 periet,·
777 888 805 932 at
817 888 894 953 pater
908 889 957 934 est.
991 879 1071 933 Mille

157 984 223 1029 eunt
242 975 319 1029 hoec.
343 1004 376 1016 -
411 975 686 1045 Discernendrnnque
707 983 748 1026 est
771 973 824 1026 lroc
840 983 929 1027 totum
945 992 961 1026 a
979 988 1073 1029 trans·

157 1070 267 1124 lotione
281 1088 382 1137 genus3
404 1069 478 1142 quod
493 1070 591 1122 abusio
607 1080 657 1129 est,
677 1068 725 1120 ubi
741 1087 841 1121 nomen
854 1070 958 1136 deluit3
979 1083 1073 1122 tresis·

158 1164 246 1227 latio,
274 1165 321 1216 ubi
344 1163 419 1216 aliud
445 1166 503 1216 fnit.
525 1190 555 1202 -
579 1194 608 1203 -
648 1166 744 1217 Cetera
761 1166 813 1231 jam
830 1182 885 1216 non
902 1166 1072 1231 significandi

158 1261 262 1329 grstia,
283 1260 330 1313 sed
348 1260 383 1311 ad
397 1260 544 1311 ornandam
558 1259 653 1321 inodo,
682 1278 737 1312 uon
756 1260 906 1325 erigendam
922 1262 1072 1313 orationem

157 1364 341 1407 assumuntur.
383 1356 469 1407 Ornat
493 1356 564 1407 enim
586 1356 740 1427 insessos,
766 1356 842 1425 quod
861 1365 934 1407 reete
955 1355 1074 1409 dicimus

158 1450 332 1521 adpositum
367 1438 543 1505 anorinullis
569 1467 686 1520 sequens
709 1450 817 1502 dieitur.
867 1451 907 1502 Eo
927 1440 1024 1523 poetae
1043 1460 1074 1503 et

157 1544 330 1616 sequentius
352 1554 380 1596 et
399 1545 510 1596 liberius
533 1553 657 1595 suuntur.
678 1573 709 1583 -
745 1545 826 1614 Apud
843 1555 992 1609 oratorem,
1021 1544 1073 1597 nisi

159 1639 266 1710 aliquid
281 1638 411 1700 efficitur,
439 1638 583 1690 redundat.
621 1639 692 1690 Tarm
710 1648 801 1690 autem
818 1638 952 1702 ellieitur,
978 1639 1000 1691 si
1014 1639 1073 1692 sine

157 1734 225 1799 illo,
245 1734 321 1805 quod
337 1734 455 1794 dieitur,
475 1734 564 1785 minus
578 1741 626 1785 est.
641 1760 673 1773 ·-·
692 1763 723 1773 -
738 1761 771 1773 -
797 1734 868 1787 Sunt
882 1744 992 1799 autem,
1012 1733 1074 1805 qui·

157 1826 211 1883 bus
233 1845 290 1895 non
315 1827 440 1880 videatur
459 1826 504 1879 hic
529 1828 639 1879 omnino
662 1837 773 1898 tropus,
800 1829 867 1899 quia
886 1828 956 1880 nilril
976 1837 1074 1882 vertat.

156 1922 277 1977 Necesse
295 1932 335 1974 est
352 1923 561 1993 enirnsemper,
589 1922 676 1985 utid,
706 1922 1022 1994 quodestodpositnm,
1050 1921 1076 1974 si

159 2034 176 2069 a
193 2019 301 2090 proprio
321 2017 458 2080 diviseris,
485 2036 533 2089 per
547 2035 576 2070 se
593 2018 743 2086 significet,
773 2027 802 2070 et
817 2018 900 2071 saciat
915 2026 1076 2070 antonoma-

159 2112 234 2167 siam.
252 2142 285 2153 —
303 2142 335 2153 -
371 2114 406 2165 At
421 2113 603 2189 ἀλληγορία,
629 2133 711 2186 qrram
733 2117 917 2168 inversionem
942 2114 1076 2183 iuterpre-

159 2216 266 2271 tnmur,
295 2208 372 2260 aliud
387 2208 490 2273 verbis,
517 2209 687 2262 nlindsensu
704 2209 840 2274 ostendit,
869 2208 1076 2264 etiaminterim
1108 2224 1115 2239 ·

132 2363 136 2369 ¹
159 2283 335 2358 ¹contrarium.
372 2303 463 2356 Habet
478 2322 555 2355 usum
572 2304 633 2356 talis
647 2304 793 2372 allegoriae
808 2284 966 2376 frequenter
977 2304 1074 2367 oratio,

159 2398 210 2453 sed
223 2416 281 2450 raro
296 2399 395 2464 totins,
417 2399 579 2470 plerumque
598 2400 696 2469 apertis
710 2399 843 2470 permixta
860 2409 908 2453 est.
924 2429 956 2440 -
972 2429 1004 2438 -
1041 2399 1075 2450 ld

160 2509 275 2566 qnoque
296 2494 416 2563 inprimis
442 2503 482 2545 est
505 2492 732 2557 custodiendum,
765 2502 813 2556 ut,
843 2512 899 2565 quo
921 2511 955 2546 ex
977 2511 1075 2560 genere

155 2589 283 2659 ¹coeperis
305 2589 505 2651 translationis,
533 2587 586 2638 hoe
607 2588 722 2641 desinas.
765 2589 848 2640 Multi
872 2589 959 2652 enim,
989 2606 1075 2660 quum

161 2683 270 2735 initium
301 2700 316 2733 a
351 2694 513 2753 tempestate
545 2694 716 2746 sumserunt,
757 2684 885 2735 incendio
915 2692 964 2736 aut
996 2685 1076 2735 ruina

161 2776 280 2843 finiunt;
302 2796 373 2847 quae
391 2787 432 2830 est
446 2779 674 2850 inconsequentia
690 2796 778 2830 rerum
796 2777 955 2830 foedissima.
993 2778 1077 2831 Cete-

162 2890 222 2924 rum
245 2873 373 2941 allegoria
395 2874 481 2945 parvis
504 2893 617 2945 quoque
639 2875 767 2939 ingeniis,
796 2883 823 2926 et
840 2874 1003 2944 quotidiano
1021 2892 1076 2926 ser·

160 2968 236 3020 moni
250 2968 468 3041 frequentissime
486 2970 577 3023 seruit.
598 2998 630 3009 -
667 2970 714 3020 Est
730 2970 757 3021 in
777 2971 907 3043 exemplis
927 2971 1075 3036 allegoria,

163 3062 186 3114 si
208 3080 262 3114 non
289 3064 430 3134 praedicta
452 3065 555 3115 ratione
581 3072 726 3135 ponantur.
752 3093 783 3103 --
832 3065 906 3115 ilaec
927 3064 1075 3131 allegoria,

163 3174 236 3228 quae
254 3167 295 3209 ast
311 3157 467 3222 obscurior,
489 3160 616 3227 aerss'gmo
634 3157 750 3224 dicitur;
778 3158 873 3209 vitium
890 3176 950 3211 meo
964 3159 1077 3230 quidem

162 3251 278 3318 judicio,
298 3251 330 3322 (si
345 3254 467 3322 quidem,
484 3255 575 3306 dicere
591 3253 724 3318 dilucide,
740 3252 855 3327 virtum)
872 3272 928 3325 quo
941 3265 1032 3307 tamen
1049 3264 1078 3310 et

162 3356 262 3418 poetae
281 3355 415 3398 utuntur:

224 3443 278 3494 Dic
297 3443 395 3511 quibos
414 3445 566 3506 interris,
586 3459 612 3497 et
630 3445 685 3496 eris
702 3441 772 3498 milri
788 3462 904 3514 magnus
923 3443 1042 3512 Apollo,

228 3537 292 3590 Tris
309 3550 406 3609 pateat
424 3540 496 3591 coeli
513 3542 632 3610 spatium
652 3558 710 3591 non
728 3526 975 3608 ampls'us'nlnas?

752 3635 839 3705 (Virg.
858 3633 915 3684 Ecl.
932 3634 984 3687 111.
1004 3631 1079 3700 sol.)

164 3723 200 3778 Et
215 3736 332 3779 oratores
350 3746 564 3800 nonnumquam.
601 3733 635 3781 In
655 3747 688 3781 eo
712 3746 775 3780 vero
794 3744 910 3793 genere,
939 3744 995 3799 quo
1013 3744 1079 3779 con-

163 3822 245 3874 traria
262 3823 462 3887 ostenduntur,
490 3825 585 3876 ironia
603 3834 659 3887 est,
688 3824 846 3875 illusionem
859 3832 977 3887 vocant,
1006 3839 1079 3893 quae

166 3926 214 3969 ant
234 3917 459 3987 pronuntiatione
479 3918 659 3984 intelligitur,
686 3927 736 3970 aut
751 3934 878 3988 persona,
906 3926 955 3970 aut
972 3917 1011 3969 rei
1029 3934 1078 3968 na-

165 4020 234 4064 tura.
271 4012 340 4063 Nam
354 4012 375 4063 si
390 4030 445 4084 qna
460 4031 552 4067 earum
567 4013 655 4065 verbis
670 4012 811 4077 dissentit,
832 4014 961 4084 adparet,
990 4011 1078 4064 diver-

166 4123 221 4160 sam
239 4125 296 4160 esse
314 4106 429 4159 orationi
447 4108 626 4162 voluntatem.
648 4138 679 4150 -
701 4137 731 4149 -
768 4109 895 4163 Pluribus
910 4119 1002 4163 autem
1018 4125 1078 4161 rer-
