2610 4800
547 468 633 549 403

114 670 155 736 tu
176 668 267 736 enim
294 672 456 757 quaedam
487 670 527 733 ιι]
557 670 706 733 ruditum
733 656 993 748 accommodata,
1028 680 1148 745 non&
1254 678 1263 697 '

114 764 341 865 ιιζιιίῑιιᾶἰιιο,
364 778 422 843 sed
441 780 660 864 proprietate,
692 777 811 842 adhoc
830 779 923 841 velut
939 778 1098 841 tractsbi·

115 884 154 967 Β,
184 886 304 971 ntique
330 885 454 949 habens
484 907 597 948 omnes
625 887 659 947 in
681 906 733 963 se,
768 885 825 968 qni
846 885 1095 965 desiderantur,

115 1014 189 1061 »tros
208 995 499 1077 intentionesque,
532 1005 564 1057 et
585 1010 671 1068 toto,
706 992 872 1076 utajnnt‚
909 1015 1026 1076 organo
1046 994 1098 1054 in·
1192 1054 1200 1063 ,

115 1090 217 1169 tn'otn
237 1108 289 1182 *);
323 1103 378 1166 cni
398 1096 812 1178 ade'rit'lnterislirmitas,
836 1100 970 1185 spiritus
996 1124 1098 1186 quum
1155 1073 1161 1095 .

115 1212 196 1297 potio
216 1211 389 1295 pertinax,
413 1220 482 1273 tum
500 1209 601 1271 labori
624 1232 688 1271 non
713 1211 809 1277 facile
828 1231 990 1271 cessurus.
1033 1212 1098 1274 Ne-

115 1342 157 1403 pe
171 1320 404 1404 gravissimus,
427 1319 515 1381 utin
535 1321 679 1394 musica,
704 1338 817 1393 sonos,
841 1339 901 1380 nec
923 1317 1099 1380 accutissi-
1207 1362 1212 1373 ,

115 1448 163 1489 ιιι
181 1428 386 1493 orationihus
409 1426 575 1490 convenit.
617 1427 698 1488 llum
717 1436 749 1489 et
767 1427 833 1504 bio,
852 1447 966 1508 parum
984 1428 1094 1488 clarus
1187 1408 1190 1421 ¹

116 1522 296 1619 finiumque
331 1535 473 1617 plenus,
518 1534 647 1597 nullum
675 1533 789 1595 allarre
819 1534 936 1596 animis
971 1543 1099 1596 motum

116 1654 214 1723 potest:
256 1652 290 1706 et
319 1642 374 1704 ille
402 1644 591 1725 praetenuis
626 1654 659 1705 et
695 1641 887 1704 immodicae
917 1641 1095 1720 claritatis,

116 1770 194 1835 [um
219 1761 274 1815 est
297 1748 386 1814 ultru
410 1726 546 1830 rerum,
579 1762 650 1813 tum
682 1771 790 1834 neque
821 1748 1097 1834 pronunciatione

116 1838 199 1940 batt,
231 1848 341 1943 nequo
364 1857 593 1922 diutiusl'erre
617 1858 837 1921 intentionem
856 1869 973 1941 potest.
1016 1858 1096 1919 ttsm

116 1984 176 2049 ros,
204 1975 244 2028 nt
262 1964 372 2043 nervi,
403 1987 470 2050 qno
488 1968 673 2043 remissior,
694 1966 758 2030 hoc
774 1977 807 2030 et
825 1966 955 2050 gravior
970 1976 1003 2028 et
1024 1965 1098 2049 ple·

116 2072 184 2137 dors
225 2094 293 2159 quo
315 2074 464 2153 tensior,
495 2073 561 2137 hoc
587 2076 698 2138 tenuis
726 2088 759 2140 et
787 2085 884 2138 scuta
909 2076 1009 2157 magis
1036 2082 1095 2136 est.
1121 2116 1128 2130 .

117 2178 152 2245 bc
172 2182 236 2245 irus
261 2170 329 2244 rim
356 2202 423 2245 nou
448 2182 566 2260 habet,
600 2204 724 2246 summa
750 2185 858 2268 rumpi
880 2182 1095 2268 periclitatur.

117 2286 328 2376 Nilo-igitur
346 2291 505 2363 utendum
525 2292 635 2354 sonis:
672 2293 793 2375 bique,
826 2314 926 2377 quum
947 2286 1097 2374 augenda
1193 2302 1202 2315 “

117 2376 235 2463 bassio
250 2410 313 2476 est,
333 2400 518 2487 excitandi3
544 2421 645 2484 quum
661 2400 896 2477 submittenda,
920 2409 999 2462 sunt
1013 2409 1098 2461 tem-

117 2498 240 2591 trunti.
284 2498 369 2570 'Nam
401 2509 504 2591 prima
535 2518 585 2571 est
616 2509 801 2570 observatio
827 2518 916 2571 recte
949 2526 1098 2592 pronon·

117 2610 211 2694 bati,
229 2618 417 2703 aequalitas,
434 2637 473 2678 ne
488 2637 596 2678 sermo
611 2616 775 2678 subsultet
789 2616 965 2698 imparibus
982 2614 1095 2697 spatiis

118 2720 298 2803 h-sonis,·
319 2726 462 2787 miscens
492 2724 588 2808 longa
620 2723 793 2800 brevibus,
833 2723 941 2806 gravia
969 2723 1095 2802 acutis,

119 2802 182 2893 Μ
210 2830 401 2895 submissis:
444 2845 477 2896 et
508 2832 743 2915 inaequalitate
780 2833 895 2893 horum
926 2832 1095 2911 omnium,

118 2932 181 3029 ¹t‘sst
192 2940 325 3024 pedum,
344 2941 518 3003 claudicet.
546 2940 697 3002 Secunda
715 2943 852 3003 uarietas
870 2950 929 3018 est,
952 2941 1041 3024 qnod
1053 2944 1097 3019 **)

118 3032 200 3115 lulum
225 3052 289 3128 Μ)
323 3061 373 3113 est
399 3051 641 3136 pronunciatio.
692 3051 740 3113 Ac
776 3072 816 3112 ne
844 3051 918 3133 quis
950 3069 1097 3132 pugnare

118 3120 234 3231 hiereo
258 3169 352 3243 putet
372 3160 603 3241 aequalitatem
626 3169 660 3222 et
681 3158 890 3223 varietatem:
924 3179 1026 3240 quum
1047 3155 1098 3216 illi

119 3260 212 3335 muti
231 3268 434 3329 contrarium
455 3267 499 3329 sit
516 3268 632 3330 vitium
650 3268 886 3351 inaequalium
919 3265 1017 3341 huic,
1039 3263 1098 3348 qni

128 3363 221 3435 licitur
250 3375 440 3458 μονοειδὴς,
485 3376 579 3460 quasi
617 3371 751 3460 quidam
787 3396 873 3435 unus
912 3372 1097 3457 adspectus.

131 3472 169 3539 ln
187 3505 281 3566 porro
307 3484 453 3545 variandi
480 3508 581 3568 quum
601 3485 737 3569 gratiam
756 3484 889 3569 praebet
907 3505 945 3545 ac
961 3489 1098 3543 renovat

205 3637 215 3670 ‚
243 3592 504 3656 tumdiceutem
530 3593 599 3678 ipsa
626 3592 744 3654 laboris
767 3591 949 3667 mutatione
967 3588 1096 3666 reficit,

157 3837 175 3910 *l
190 3846 401 3920 inplicationem
423 3849 481 3921 huj.
503 3852 559 3906 loci
582 3824 661 3906 tedia
680 3853 826 3906 Gesnsms.
862 3849 904 3911 Cf.
925 3847 979 3905 Est
1002 3845 1097 3919 spata.

194 3941 248 3999 vu.
265 3949 311 4001 lV.
331 3966 357 4018 p.
375 3949 434 4017 359.
1143 3942 1146 3951 '

154 4021 181 4095 ⁸'l
197 4035 254 4091 llil·
276 4044 357 4113 epuns.

155 4114 189 4191 a.)
200 4129 256 4189 θοὰ
270 4136 416 4190 Gotbnnns
431 4136 511 4199 sola,
531 4136 607 4209 quod
622 4152 714 4192 verum
727 4134 909 4207 putnthesn.
