2610 4800
583 442 665 518 ὦῶ

145 636 316 703 inveniendi
347 637 592 722 eloquendique
621 660 639 697 a
666 637 931 722 praeceptoribus
952 637 1138 722 diligenter·

143 746 305 830 acceperits
346 746 434 829 quod
459 766 524 808 non
554 757 604 808 est
634 745 759 808 infiniti
789 747 914 830 operis,
952 746 981 809 si
1007 746 1124 813 docere
1190 790 1192 809 .

141 855 230 917 uiant
249 862 284 915 et
299 854 421 916 velint:
445 852 713 916 exercitationem
730 876 864 938 quoque
879 854 1037 916 modicam
1052 857 1135 916 sue·'

135 958 174 1024 'rit
194 971 415 1038 consecutus,
449 974 612 1024 oratorem
642 962 703 1022 sibi
732 962 897 1045 aliquem,
932 961 1021 1045 quod
1038 961 1125 1044 apud
1229 1049 1232 1056 Ι

138 1068 261 1154 naiores
277 1070 349 1132 lieri
370 1069 515 1144 solebat,
538 1069 683 1153 deligat,
706 1091 806 1153 quem
826 1081 1004 1152 sequatur,
1027 1092 1126 1153 quem

127 1174 293 1251 ,imitatum
315 1174 447 1261 judiciis
466 1177 598 1239 intersit
618 1198 713 1259 quam
732 1176 879 1259 plurimis
898 1188 931 1240 et
954 1178 997 1240 sit
1018 1187 1147 1240 certa·'

135 1287 242 1362 ninia,
263 1285 319 1348 cui
338 1285 537 1360 destinatur,
562 1288 718 1369 frequens
736 1293 911 1368 spectator.
943 1286 1027 1345 Tum
1046 1304 1126 1346 cau-

136 1412 176 1455 tas
193 1392 249 1454 vel
268 1391 417 1468 easdam,
446 1413 527 1474 quas
548 1392 597 1475 agi
619 1391 776 1466 audierit,
805 1392 879 1452 stilo
898 1401 930 1453 et
949 1391 1018 1474 ipsc
1035 1413 1126 1452 com·

135 1509 243 1581 punt,
263 1499 429 1565 ueletiam
448 1498 547 1576 alias,
570 1521 663 1561 veras
679 1499 794 1576 modo,
816 1511 849 1562 et
866 1499 1022 1581 utrinque
1037 1509 1125 1560 trac·

138 1616 173 1670 tet
188 1617 241 1685 et,
268 1606 358 1689 quod
374 1607 406 1669 in
427 1607 659 1690 gladiatoribus
680 1607 750 1668 lieri
770 1607 942 1684 ridemus,
973 1607 1125 1670 decreto-

136 1712 183 1776 'riis
210 1725 423 1790 exerceatur,
464 1725 501 1776 ut
527 1714 646 1776 iecisse
667 1714 803 1777 Brutum
826 1715 965 1776 diximus
986 1737 1045 1798 pro
1062 1716 1125 1776 Mi·

140 1819 209 1886 lone.
240 1822 359 1884 Melius
375 1821 451 1899 boc,
470 1843 567 1904 quam
587 1823 767 1884 rescribere
785 1823 949 1884 veteribus
965 1821 1125 1883 orationi-

140 1925 208 2007 ln,
238 1938 277 1990 ut
296 1930 378 1991 fecit
397 1929 526 1991 Cestius
547 1940 662 1992 contra
682 1930 850 1991 Ciceronis
870 1930 1045 2007 actionem,
1066 1931 1125 1990 lra-

133 2032 224 2099 'bam
240 2057 303 2120 pro
320 2037 445 2112 codem,
468 2060 544 2099 cum
557 2038 692 2100 alteram
709 2047 834 2121 partem
849 2039 928 2100 satis
943 2060 1039 2101 nosse
1055 2061 1123 2101 non

134 2155 236 2227 posset
251 2166 292 2206 ex
309 2144 378 2207 sols
395 2144 598 2207 defensione.

185 2251 293 2315 Citius
308 2262 417 2313 antem
434 2251 572 2313 idoneus
591 2251 651 2314 erit
668 2251 816 2337 juvenis,
847 2273 944 2334 quem
966 2274 1125 2336 praecep·
1209 2248 1217 2269 ‘'

134 2363 180 2421 tor
194 2357 340 2442 coegerit
356 2358 389 2419 in
406 2359 618 2421 declamando
640 2381 737 2442 quam
759 2359 961 2421 simillimum
977 2381 1046 2422 esse
1068 2382 1126 2422 vc·
1183 2402 1186 2417 ,

113 2467 214 2559 ¹rituti
237 2477 273 2530 et
295 2488 355 2551 per
378 2476 464 2529 totas
488 2467 536 2530 ire
556 2469 726 2530 materias:
760 2491 898 2552 quarum
922 2491 1010 2530 nunc
1031 2470 1126 2530 iacil-

113 2590 116 2651 ξ
136 2570 213 2653 lius,
233 2587 273 2639 ut
288 2575 423 2637 maxime
439 2574 631 2638 favoribilia
647 2578 836 2659 decerpunt.
874 2578 1016 2645 Obstant
1033 2578 1123 2659 huic,

113 2700 116 2769 f
140 2682 216 2763 quod
237 2683 383 2744 secundo
400 2683 475 2745 loco
496 2685 609 2767 posui,
631 2688 699 2746 fere
722 2685 817 2744 turba
837 2685 1072 2766 discipulorum
1090 2672 1125 2746 et

113 2790 117 2805 '
143 2791 332 2855 eonsuettulo
352 2791 506 2852 classium
520 2793 618 2854 certis
632 2793 745 2854 dicbus
763 2792 997 2855 audiendarum
1008 2790 1021 2852 ε’
1040 2815 1124 2853 non-

144 2895 210 2959 sitit
234 2896 333 2959 etiam
361 2898 529 2982 persuasio
556 2910 704 2982 patrum,
746 2902 987 2962 numerantium
1012 2900 1122 2981 potius
1172 2895 1177 2906 '

147 2999 381 3067 declamationes
413 3027 511 3089 quam
543 3007 796 3069 aestimantium.
845 3007 909 3069 Sed
939 3005 1124 3089 quoddixi

133 3110 251 3191 punio,
285 3122 320 3201 ut
340 3113 498 3188 arbitror,
519 3114 605 3176 libro
617 3116 668 3193 ³),
698 3137 758 3176 nec
775 3115 831 3176 ille
852 3136 886 3176 se
906 3116 1012 3175 bonus
1030 3130 1124 3198 prae-

150 3216 258 3302 equor,
271 3218 402 3308 ,majora
419 3243 572 3300 numero,
594 3245 692 3305 quam
713 3223 874 3284 sustinere
893 3222 1014 3305 possit,
1048 3243 1124 3283 one·

152 3326 229 3389 ntis:
261 3340 295 3394 et
326 3329 455 3391 inanem
482 3330 716 3413 loquacitatem
734 3330 891 3407 recidet,
935 3339 972 3390 ut
1003 3331 1122 3408 omnia,

131 3434 358 3513 'quaesuntin
380 3440 623 3516 controversia,
656 3462 743 3519 non,
775 3450 815 3531 ut
830 3438 967 3531 ¹quidem
987 3439 1122 3517 volunt,

158 3552 491 3583 -,.-..............

215 3627 278 3683 istos
304 3629 441 3682 aschalis
462 3630 491 3681 in
512 3629 598 3682 lorum
620 3639 809 3694 transeuntes,
832 3613 963 3707 'oninium
984 3637 1142 3719 tamquam)

216 3739 285 3775 nova
300 3732 329 3775 et
342 3724 473 3776 inusitata
487 3723 665 3794 perturbant:
692 3741 745 3777 nec
765 3735 828 3776 ante
842 3725 870 3775 in
887 3733 1017 3777 oratorem
1035 3741 1125 3776 corro-

213 3814 362 3883 borantur,
397 3836 479 3889 quam
505 3819 597 3870 multis
624 3818 768 3889 perdomiti
793 3820 964 3871 contumeliis
989 3812 1124 3889 puerilem

217 3911 347 3977 animum,
365 3912 534 3966 scholasticis
552 3901 657 3967 deliciis
673 3913 843 3981 languidum,
859 3932 922 3970 vero
936 3913 1029 3969 labore
1042 3915 1123 3967 dura·

217 4016 287 4060 mni.
302 4029 316 4056 u

178 4084 481 4175 talesam
567 4137 570 4145 -
