2610 4800
605 362 689 500 '459

156 622 237 687 cium
258 622 350 685 Calvi
368 622 561 705 quibusdam
589 625 621 684 in
646 615 729 684 iocis
742 622 935 684 'assumeret
968 623 1048 684 Nom
1064 645 1153 705 prce·

154 738 200 795 ur
225 728 279 809 id,
312 729 402 813 quod
428 731 598 813 prudentie
626 742 696 807 est,
728 729 817 813 quod
840 730 874 791 in
904 751 1036 813 quoque
1064 731 1152 814 opti-

152 846 239 901 n'nnn
260 847 333 913 eet,
358 836 385 897 ci
403 838 530 919 potnit,
554 859 649 899 cuum
670 840 796 899 tacere:
828 846 918 914 tum,
942 838 975 898 in
996 846 1086 901 tanta
1104 839 1152 902 rei

150 942 360 1029 difficnitcte,
381 964 484 1006 unum
507 945 674 1008 intuentes
694 945 748 1005 vix'
770 945 881 1028 alique
902 968 975 1029 pere
993 948 1151 1030 sequitur.

147 1050 292 1135 {deoque
309 1072 386 1115 cum
401 1062 508 1114 totum
525 1054 724 1136 exprimere,
749 1075 846 1135 quem
869 1054 1026 1138 elegeris,
1050 1077 1152 1138 puenc

105 1224 108 1255 =
148 1161 192 1223 cit
214 1159 339 1221 homini
361 1160 612 1223 inconcessum:
636 1161 779 1244 plurium
803 1162 886 1223 bona
904 1184 1061 1244 ponamus
1076 1173 1152 1225 ente

149 1269 284 1344 ocutos,
307 1278 344 1330 ut
361 1268 449 1330 uliud
468 1289 506 1331 ex
525 1269 590 1330 atio
612 1269 753 1347 linerent,
777 1277 810 1331 et
830 1268 918 1353 qnod
938 1269 1060 1353 cuique
1077 1270 1152 1332 ioco

115 1430 119 1445 ,
149 1375 348 1451 conveniet,
372 1385 529 1458 aptemus.

120 1526 128 1533 -
211 1482 356 1546 imitatio
375 1495 484 1546 nutem
505 1491 602 1564 (mun
624 1484 752 1568 saepius
772 1483 857 1545 idem
874 1483 1001 1559 dicam)
1024 1476 1154 1545 nonsit

141 1600 277 1655 nutum
299 1591 332 1652 in
355 1593 472 1654 verbis.
517 1593 600 1655 iiiuc
626 1592 826 1654 intendendo
845 1612 958 1667 ment,
991 1601 1152 1673 quantum

152 1698 249 1762 inerit
265 1699 332 1760 iilic
349 1699 428 1760 viris
448 1700 576 1762 decoris
596 1700 628 1761 in
646 1701 742 1762 rebus
759 1711 860 1783 utque
877 1700 1036 1782 personis,
1061 1699 1152 1781 quod

156 1806 346 1882 concilium,
369 1828 453 1890 quue
469 1807 660 1891 dispositio,
686 1830 783 1890 quem
797 1809 927 1884 omniu,
950 1808 1046 1870 etium
1065 1827 1149 1889 (pune

157 1910 363 1977 delectationi
385 1914 560 1976 videantur
584 1915 681 1993 duta,
714 1916 755 1977 ed
783 1916 956 1978 victorium
984 1924 1149 1999 spectent:
1208 1958 1211 1963 ,
1288 1916 1292 1923 '

105 2002 108 2035 i
197 2026 205 2035 ,

105 2044 107 2051 .

161 2082 484 2101 *—

232 2185 371 2240 collocare
388 2185 503 2257 inbono
519 2186 633 2239 lumine.
673 2186 751 2239 nanc
772 2203 835 2240 cum
857 2186 960 2243 hebeat
977 2187 1151 2257 praecipuum
1191 2180 1197 2203 ³
1261 2194 1264 2199 '

234 2278 347 2334 hudem
372 2281 400 2333 in
424 2260 632 2344 communibus,
661 2299 716 2333 non
741 2282 821 2333 video
845 2282 890 2333 cni
918 2281 1019 2334 debeat
1045 2282 1151 2335 cedere.

237 2375 414 2447 Spiendidan
439 2375 595 2448 quandum,
624 2377 791 2448 minimeque
811 2378 998 2429 veteratorium
1021 2377 1151 2429 rationem

235 2469 346 2523 dicendi
365 2480 460 2534 tenet,
480 2487 565 2534 voce,
586 2480 679 2523 motu:
708 2471 791 2523 tonna
808 2473 889 2524 etiam
905 2473 1047 2540 magnifice
1064 2480 1091 2525 et
1107 2489 1153 2540 ge·

235 2581 331 2618 nemea
345 2565 547 2637 quodammodo
588 2566 661 2616 Tum
676 2567 788 2616 Brutus:
810 2567 952 2619 Orationes
966 2567 1077 2636 quidem
1094 2569 1152 2634 ejus

237 2659 304 2711 mihi
319 2659 495 2722 vehementer
510 2659 668 2731 probantur,
689 2660 842 2731 complures
855 2670 947 2712 autem
962 2661 1025 2728 legi.
1061 2665 1153 2732 Atque

239 2756 322 2807 etium
352 2758 584 2816 coenmentarios,
618 2755 750 2827 quosdam
780 2755 887 2825 scripsit
915 2773 1003 2806 rernm
1033 2772 1150 2808 sucrum.

237 2849 326 2904 Valde
339 2851 468 2921 quidem,
489 2852 612 2922 inquam,
633 2850 801 2923 probandoe;
822 2850 890 2903 nudi
906 2851 1064 2912 enimcum,
1084 2850 1153 2902 recti

200 2974 209 2983 ·
237 2951 267 2998 ct
295 2945 419 3010 venusti,
451 2946 524 2997 omni
556 2955 652 2998 ornatu
682 2945 810 2997 orationis
844 2955 982 3016 tamquam
1006 2954 1081 2997 veste
1104 2944 1154 2997 de·

238 3022 340 3093 tracto:
367 3040 415 3093 ced
432 3040 497 3092 dum
513 3041 619 3103 voluit,
640 3041 707 3093 aiios
725 3040 824 3093 habere
841 3017 948 3112 paratu,
977 3041 1155 3092 undenmne-
1238 3049 1241 3055 ’

237 3143 318 3197 rent,
346 3135 394 3206 qui
418 3135 523 3188 veilent
547 3135 664 3188 scribere
683 3135 838 3197 historiam,
867 3136 966 3205 ineptis
984 3143 1086 3202 gratum
1101 3135 1155 3186 for·

137 3232 140 3236 ”
238 3229 403 3293 tumefecit,
429 3231 478 3300 qui
495 3231 593 3284 volunt
610 3232 658 3282 ilta
674 3230 832 3285 calamistris
847 3230 967 3283 inurere:
995 3247 1072 3283 sanos
1092 3229 1155 3300 qui·

238 3324 302 3378 dem
325 3324 448 3379 homines
472 3325 651 3379 ascribendo
675 3325 841 3379 deterruit.»
862 3354 894 3364 -
914 3353 946 3364 -
981 3322 1051 3378 nid.
1072 3341 1094 3377 c.
1112 3341 1154 3394 79.

140 3438 143 3443 ·
240 3421 330 3473 coelii
353 3417 466 3495 qnoque
487 3422 628 3485 meminit,
662 3424 741 3490 cnjus
765 3422 914 3474 orationem
935 3417 1109 3489 splendidam
1129 3430 1155 3472 et

238 3511 390 3586 grandem,
424 3514 594 3590 eandemque
617 3518 746 3585 inprimis
759 3517 888 3588 facetam
917 3528 943 3568 et
967 3514 1155 3585 pernrbcnnm
1211 3579 1214 3585 1

233 3619 328 3671 uocat.
346 3637 378 3648 -
414 3607 485 3662 [bid.
516 3626 539 3663 c.
561 3615 604 3665 82.
632 3612 713 3663 Calvi
741 3610 838 3662 laudat
864 3610 1042 3678 elegantiam,
1077 3616 1155 3659 notat

239 3705 361 3773 ejusdem
380 3705 491 3756 nimiam
506 3705 549 3757 sui
565 3705 647 3777 ipsius
664 3706 888 3759 observationem.
906 3735 938 3748 -
975 3705 1102 3757 Ceterum
1118 3702 1154 3755 de

240 3796 367 3852 omnibus
390 3800 571 3855 conserendus
586 3800 688 3853 Fabius
710 3802 767 3872 ipse
783 3801 801 3851 l.
820 3802 881 3853 x11.
898 3815 922 3856 c.
940 3818 977 3852 10.
988 3790 1018 3865 ³5.
1038 3802 1076 3851 1'1.
1112 3799 1154 3849 Dc
1231 3784 1235 3791 ¹

244 3896 338 3948 Coelio
365 3904 393 3947 et
410 3896 495 3948 Calvo
516 3896 534 3947 l.
552 3896 584 3949 X.
604 3912 626 3948 c.
646 3914 667 3948 1.
691 3894 790 3967 §.115.
818 3896 914 3949 eodem
938 3894 994 3949 sere
1019 3895 1099 3946 modo
1121 3909 1170 3946 ac·

241 3993 340 4044 Cicero
358 3990 370 4061 (
379 3991 429 4043 loc.
445 3989 540 4062 lund.)
553 3992 667 4060 judicat.
705 3991 746 4044 cf.
762 3990 854 4045 adhuc
875 3991 895 4043 1.
911 3993 957 4045 Ν.
976 4007 999 4046 t.
1018 4010 1040 4046 ι.
1057 3993 1081 4057 5.
1098 3991 1155 4047 123.-

161 4114 165 4119 ·
240 4085 526 4152 nemetum
927 4096 948 4115 ²
1037 4094 1039 4099 '
