2610 4800
525 436 581 510 8³

53 643 139 706 solet
156 637 265 701 verbio
280 637 430 700 omnibns
449 637 546 699 ultius
564 647 663 719 atque
679 636 776 699 altine
794 635 1054 721 insurgentibutr

55 751 178 820 Aderat
188 750 312 834 janitor
330 748 466 808 carceris
474 793 487 822 ,
509 748 655 831 carnifex
672 747 851 835 praetoris,
884 768 966 809 more
994 761 1058 808 ter-

13 938 19 961 Ι
55 880 171 948 rorqne
183 859 343 920 sociorum
359 869 389 916 et
403 854 515 916 cr'oinm
528 856 754 927 Ronzanorum,
774 856 869 915 lictor
879 854 1008 918 Sextios
1019 854 1058 936 Ἴ.

62 1006 67 1011 -
118 964 241 1028 Eadem
275 965 343 1025 fere
382 973 431 1024 est
466 963 549 1025 ratio
584 959 757 1025 minuendi.
809 964 890 1024 Nam
921 961 1059 1025 totidem

58 1046 148 1140 ιιιιηΝ
169 1073 465 1148 adscendentibus,
506 1082 587 1154 quot
623 1072 900 1135 descendentibus
930 1070 1058 1155 gradun.

58 1185 206 1264 Ideoque
227 1202 295 1242 uno
324 1202 379 1242 ero
407 1181 554 1262 exemplo
579 1190 755 1242 contentus
780 1180 849 1263 ejus
874 1180 961 1259 loci,
992 1201 1059 1263 quo

61 1291 177 1353 Cicero
192 1278 233 1350 de
251 1287 399 1349 erutione
420 1289 507 1348 Rulli
529 1287 725 1350 haecdicit:
749 1289 794 1366 **)
826 1292 928 1352 Pauci
944 1303 1060 1363 tannen,

57 1400 116 1484 qni
138 1398 289 1483 proxime
318 1397 522 1468 adstiterunt,
553 1400 678 1468 nescio,
709 1399 790 1482 qnid
815 1399 903 1460 illone
931 1398 972 1459 de
997 1400 1061 1480 lege

57 1507 196 1588 Agraria
224 1506 363 1567 nolteisse
390 1507 521 1578 dicere,
555 1507 802 1587 strepicolrantur.
823 1542 867 1555 -
909 1506 1004 1584 Quod
1034 1502 1061 1566 ei

60 1612 336 1679 adtintellectum
364 1615 504 1687 referas,
537 1615 670 1673 minutio
698 1617 769 1686 ebt3
801 1612 829 1673 ei
852 1611 893 1673 nd
912 1613 1063 1674 obscuri·

60 1729 184 1796 tutem,
217 1722 448 1781 incrementum.
499 1719 574 1778 Seio
607 1741 703 1800 posce
731 1718 836 1781 videri
866 1718 1063 1802 quibusdum

63 1826 208 1908 speciem
234 1825 496 1910 amplificationis
526 1828 714 1909 hyperbolen
746 1848 896 1910 qrroque:
928 1848 1002 1887 nem
1030 1834 1063 1888 et

63 1932 147 1997 bueo
169 1934 202 1995 in
233 1943 555 2016 utramquepartem
580 1933 676 1995 valet.
719 1934 802 2011 Sed,
835 1935 913 2017 quia
934 1926 1064 1998 excedit

63 2040 130 2104 boc
152 2062 292 2120 nomen,
322 2042 359 2103 in
380 2045 506 2126 'l'ropoe
529 2041 707 2105 differenda
727 2053 776 2104 est
792 2041 864 2120 m).

93 2306 122 2380 ⁴)
145 2309 273 2363 anerr.
293 2317 345 2362 act„
366 2307 441 2363 11.t.
459 2306 491 2362 V.
511 2323 536 2364 c.
555 2309 597 2377 45.
617 2310 641 2376 §.
663 2312 721 2364 us.
826 2334 829 2340 ·

81 2400 124 2475 ⁸)
146 2404 190 2459 De
204 2405 268 2472 Leg.
286 2405 344 2471 Agr.
360 2405 395 2454 11.
414 2420 436 2455 c.
452 2406 476 2456 5.
493 2400 515 2474 §.
534 2406 571 2456 13.
592 2401 632 2469 ¹4·
669 2403 775 2474 Operae
787 2402 906 2475 pretium
920 2411 971 2467 eet,
990 2400 1066 2457 hune

148 2499 242 2552 locum
258 2499 354 2570 paullo
369 2497 471 2568 adponi
486 2497 626 2551 verbosius
642 2507 672 2550 et
685 2498 840 2565 congeriem
857 2497 933 2550 illam
954 2516 1068 2551 enume-

147 2596 207 2648 rari.
247 2616 261 2642 a
274 2595 411 2664 Explicat
432 2595 588 2646 orationem
608 2611 676 2645 eane
698 2591 811 2663 longam
826 2607 852 2646 et
872 2595 967 2647 verbis
981 2591 1068 2646 valde

149 2689 237 2740 bonis.
277 2693 455 2749 dinumerat,
475 2685 552 2756 quod
567 2687 636 2759 niti
650 2691 784 2740 vitiorum
799 2685 966 2749 videbatur,
992 2684 1070 2759 quod
1107 2739 1110 2744 ,

149 2796 233 2835 tanto
249 2800 283 2834 ex
289 2782 458 2852 frequentia
476 2785 602 2836 inveniri
616 2802 694 2837 nemo
709 2784 818 2852 potnit,
845 2785 896 2855 qui
909 2784 1067 2851 intelligere

148 2889 257 2947 posset,
278 2872 355 2946 quod
368 2873 483 2930 diceret.
503 2905 535 2916 -·
573 2878 718 2930 Tamen-ei
732 2878 782 2946 qui
797 2878 938 2929 acutiores
952 2877 983 2926 in
1000 2894 1066 2928 con·

151 2973 231 3024 cione
252 2983 387 3022 steterant
414 2968 527 3040 detege
551 2973 695 3040 Agraria,
721 2974 814 3026 nereio
821 3010 833 3034 ,
862 2969 933 3041 qnid
945 2971 1068 3023 votuisse

150 3084 211 3118 eum
224 3065 318 3118 dicere
332 3066 554 3134 suspicabantur.
565 3087 579 3115 n

10 3145 13 3152 Ι
66 3158 126 3232 ***)
148 3163 191 3215 De
213 3162 426 3232 amplificatione
452 3162 596 3215 verborum
626 3162 723 3215 Cicero
749 3161 894 3233 requentin
917 3160 1068 3232 praecipite

68 3266 71 3271 '
151 3259 241 3310 Verba
256 3259 383 3329 ponenda
398 3268 477 3322 sunt,
510 3258 652 3331 quaevim
672 3257 794 3310 habeant
814 3257 988 3322 illustrandi,
1016 3274 1068 3312 nec

152 3353 187 3404 ab
203 3373 253 3405 neu
266 3355 321 3406 sint
339 3353 529 3418 abhorrentia,
550 3355 656 3421 gravia,
677 3354 778 3425 piena,
797 3354 922 3406 tonantia
932 3393 945 3417 μ
960 3354 1067 3421 juncte,

152 3448 241 3511 foeta,
262 3451 469 3515 cognominata,
490 3467 546 3501 uon
560 3451 687 3516 vitigem,
707 3444 862 3521 superlata,
891 3447 1069 3520 inprimisque

152 3544 301 3608 translata,
329 3562 381 3598 uec
395 3547 427 3617 iu¹
439 3545 550 3613 singulis
566 3545 671 3610 verbio,
699 3545 747 3600 red
761 3548 790 3620 iu
805 3543 1012 3598 continentibus
1026 3562 1070 3597 to·

152 3637 232 3703 luta,
260 3657 332 3710 quae
350 3641 480 3692 dicuntur
495 3641 553 3692 sine
567 3643 779 3707 conjunctione,
807 3651 838 3692 ut
859 3641 937 3711 plura
956 3640 1070 3694 videon·

65 3762 69 3767 ·
150 3741 204 3787 tur.
242 3738 348 3802 Augent
367 3737 449 3788 etiam
467 3736 671 3801 relatarum,
692 3738 806 3799 iterata,
828 3736 959 3806 dupicata
976 3747 1005 3790 et
1025 3752 1068 3801 ea,

154 3846 228 3901 quae
251 3831 424 3884 adscendunt
446 3832 577 3901 gradatim
598 3832 632 3884 ab
652 3831 845 3885 humilioribus
863 3831 897 3884 ad
914 3833 1068 3906 superiore,

71 3944 74 3951 ·
155 3927 324 3996 omninoque
339 3945 444 3999 temper
456 3930 535 4001 quasi
549 3929 682 3981 naturalis
698 3938 726 3981 et
740 3946 796 3981 non
811 3927 956 4002 explanata
971 3930 1068 3994 oratio,

154 4023 204 4075 aed
222 4022 347 4089 gravibus
369 4024 467 4076 referta
488 4023 593 4087 verbis,
627 4023 662 4075 ad
683 4024 838 4093 augendum
858 4025 1070 4078 accomodatior.

146 4115 216 4184 (De
238 4125 306 4188 part,
329 4128 395 4173 orat.
420 4133 442 4172 c.
458 4119 513 4172 XV.
537 4117 574 4190 ἧς.
592 4120 625 4174 53
645 4129 673 4174 et
694 4119 755 4189 54.)
788 4120 832 4177 Cf.
847 4122 882 4173 de
899 4130 964 4171 oret.
980 4121 997 4172 Ι.
1016 4123 1070 4172 111.
