2610 4800
542 444 626 522 453

132 653 155 702 f*
189 648 255 711 iret
279 648 468 713 exordium:
502 668 568 731 quo
594 646 655 708 sibi
684 666 750 708 nou
776 664 928 728 prueseus
955 652 1087 708 tuntum

147 776 208 835 or,
227 757 284 819 sed
301 758 400 821 etiam·
414 756 599 837 desperatio
617 755 835 836 inposterum
858 754 958 816 fieret.
1000 754 1086 815 Turn

155 892 186 914 ι
229 864 397 941 urridens,
424 862 587 947 Numquid
600 876 656 935 tu,
683 862 813 945 iuquit,
847 864 956 923 melius
980 860 1087 924 dicere

126 962 146 987 '⁹
166 994 253 1059 quesn
265 973 383 1057 potes?
424 969 718 1034 ltsseresliabet.
761 968 950 1031 Curandum
966 976 1027 1046 est,
1050 976 1089 1029 ut

119 1141 124 1152 ‚
173 1113 185 1133 o
215 1080 338 1163 optime
364 1079 528 1139 dicamus:
562 1076 740 1139 dicendum
763 1086 872 1138 tumen
901 1098 960 1160 pro
985 1075 1091 1139 iacul-

117 1223 139 1252 ω
211 1184 262 1247 Ad
289 1186 473 1271 proiectum
502 1184 589 1247 euim
610 1206 690 1266 opus
712 1192 761 1245 cst
780 1182 910 1260 studio,
947 1203 1013 1244 non
1038 1182 1091 1245 iu·

130 1292 290 1365 ustione.
331 1292 375 1355 Ut
397 1292 559 1375 possimus
581 1301 689 1353 sutem
709 1291 855 1353 scribere
878 1288 975 1352 etium
997 1290 1092 1371 plura

184 1400 251 1478 'us,
273 1420 340 1461 nou
354 1404 542 1463 exercitatio
557 1400 652 1461 modo
669 1398 862 1482 praestabit,
885 1398 918 1459 in
937 1416 1001 1481 qus
1018 1400 1092 1463 sine

147 1530 194 1569 oo
211 1508 350 1572 multum
369 1518 439 1587 est,
468 1508 526 1571 sed
551 1509 649 1570 etiam
672 1510 780 1579 ratio,·
808 1507 835 1568 si
859 1528 924 1567 non
944 1504 1094 1588 resupini

161 1626 348 1699 stantesque
375 1628 501 1680 tectum
526 1629 559 1679 et
584 1616 817 1697 cogitationem
837 1636 1003 1677 murmuro
1025 1614 1095 1697 sgi-

161 1730 221 1798 tes,
242 1725 543 1807 expectaverimus,
568 1724 649 1806 quid
666 1722 840 1799 obveniat,
872 1721 928 1784 sed
944 1719 1095 1805 quida-es

196 1840 227 1907 t,
247 1832 329 1915 quid
342 1851 515 1915 porsonam
534 1831 668 1909 deceat,
698 1829 786 1912 quod
807 1830 851 1891 sit
869 1838 1016 1911 tempor,
1036 1831 1097 1913 qui

164 1935 214 1999 'eis
239 1939 388 2015 animus,
419 1938 554 2016 intuiti,
593 1940 738 1999 humano
760 1935 904 2020 quodam
927 1936 1024 1998 modo
1054 1936 1096 2000 ad

132 2040 151 2086 Ἃ
170 2069 179 2088 ι
204 2043 303 2107 udum
316 2047 567 2109 accesserimus.
607 2047 662 2107 Sic
680 2044 773 2105 nobis
793 2054 826 2106 et
844 2044 937 2106 initia
956 2053 990 2109 et
1005 2044 1097 2128 quod

181 2150 263 2231 ur,
292 2164 413 2215 ustura
438 2154 507 2236 ipsa
528 2152 731 2236 praescribit.
773 2152 871 2213 Certa
905 2162 984 2213 suut
1008 2153 1097 2215 enim

156 2299 158 2304 ,
194 2280 245 2323 Ιιιο
268 2272 305 2325 et
331 2260 397 2321 uisi
424 2263 677 2347 conniveamus,
709 2260 743 2320 iu
765 2259 881 2322 oculos
903 2262 1097 2323 incuss-unte

168 2388 231 2429 mus
253 2368 467 2431 uso-indocti
487 2390 548 2430 nec
568 2367 686 2430 rustici
710 2366 769 2429 dio
791 2377 978 2451 quaeruut,
1010 2370 1099 2432 onds

161 2470 274 2555 'piants
306 2496 375 2559 quo
389 2475 576 2559 pudendum
600 2484 650 2538 est
669 2478 793 2559 magis,
825 2478 852 2537 si
871 2476 1101 2540 difficultatem

149 2575 350 2645 ,ttoesrinu
403 2584 475 2645 llou
493 2604 569 2665 ergo
591 2604 721 2666 semper
740 2594 913 2665 putemus,
935 2586 1099 2666 optimum

153 2714 154 2718 ¹
180 2690 296 2775 ,quod
311 2690 409 2765 latet3
442 2692 706 2753 immutescamus
725 2692 872 2773 alioqui,
895 2692 923 2753 si
946 2692 1026 2751 nillil
1045 2691 1100 2751 di·

105 2814 117 2847 ·.·
144 2824 155 2834 „
175 2818 236 2859 ιιιιι
256 2798 428 2876 videatur,
461 2799 526 2860 nisi
549 2800 721 2881 quodnon
741 2800 938 2861 invenimus.
980 2800 1100 2861 Diser-

152 2931 153 2939 ’
187 2914 235 2967 est
251 2904 333 2967 lsuic
348 2926 461 2967 eorum
482 2907 621 2983 vitium,
642 2908 701 2989 qui
720 2907 827 2990 primo
849 2906 1023 2969 decurrere
1041 2928 1100 2990 per

105 3049 107 3055 ·
157 3012 263 3075 ίσίιιιι
287 3012 366 3075 stilo
386 3036 484 3097 quam
500 3012 708 3075 velocissimo
726 3015 846 3075 volunt
868 3025 902 3077 et
923 3028 1100 3098 sequentes

261 3131 365 3203 stque
390 3121 545 3202 impeturn
573 3141 612 3181 ex
637 3131 784 3204 tempore
812 3124 981 3195 scribunt;
1012 3122 1101 3184 hauc

135 3231 150 3260 ἰ
224 3237 374 3289 vocant:
399 3228 694 3310 repetunt-deiude
715 3242 749 3291 et
767 3243 993 3313 componunt,
1017 3253 1101 3313 quas

119 3363 126 3368 ··
140 3334 299 3396 densata
328 3334 386 3397 sed
405 3337 501 3397 serlsa
518 3337 735 3397 emendantur
751 3350 785 3399 et
807 3340 960 3415 numeri,
990 3349 1102 3401 manet

146 3444 246 3506 setus
263 3454 388 3507 temere
399 3444 584 3526 congestis,
601 3466 685 3527 quae
703 3446 768 3507 suit
786 3448 913 3507 lesitas.
944 3448 1101 3508 Protinus

105 3510 168 3635 ign
187 3550 348 3615 adlsilsere
366 3572 495 3628 curam,
515 3553 638 3613 rectius
657 3554 739 3629 erit,
762 3566 862 3637 atque
877 3556 919 3615 ab
939 3555 1034 3617 initio
1053 3557 1102 3618 sic

105 3608 174 3741 bu
197 3657 348 3735 duwe,
380 3668 418 3719 ut
443 3657 657 3735 caelandum,
697 3684 764 3723 uon
788 3685 828 3723 ex
849 3664 978 3745 integro
999 3663 1104 3724 labri·

105 3740 237 3827 landum
259 3766 315 3826 sit.
355 3766 547 3847 Aliquando
565 3778 672 3829 tamen
692 3768 830 3831 affectus
849 3771 1034 3853 sequimur,
1067 3770 1103 3833 is

105 3862 214 3963 *ibus
232 3874 309 3935 see
326 3872 403 3955 plus
421 3873 512 3935 calor
528 3896 626 3956 quam
642 3876 813 3957 diligentia
833 3882 931 3939 salet.

105 3968 107 3973 ¹
145 3982 241 4045 Satis
266 3992 404 4063 apparet
422 4002 461 4042 ex
485 4002 545 4053 eo,
578 3981 667 4063 quod
689 3984 775 4044 hanc
804 3986 1022 4048 scribentium
1044 4011 1106 4052 no·

105 4074 286 4174 ligentiac·
300 4088 423 4149 &nuo
433 4134 445 4165 ,
467 4088 605 4171 quidde
626 4090 692 4150 illis
708 4091 857 4154 dictandi
874 4082 1007 4158 delitiii
1027 4119 1105 4159 sen·

849 4209 891 4268 23
