2610 4800
58 716 60 725 Ι
138 637 273 719 τρόπον
313 644 347 702 et
381 634 537 718 figuratus
576 633 658 694 Tem
692 633 780 695 enim
816 634 985 698 translatis
1020 636 1145 716 verbis,

147 775 494 817 ....-.-.'----b·

218 871 289 950 'uon
305 893 418 963 puppim
436 908 484 961 pro
502 889 584 952 navi,
610 903 663 942 nec
681 887 797 942 abietem
817 907 866 961 pro
883 889 1003 947 tabellis.
1023 920 1058 937 ω
1093 891 1144 946 Nec

232 987 378 1060 proculab
394 985 448 1037 hoc
466 1003 563 1052 genere
579 980 697 1037 discedit
712 987 901 1060 perurentes,
920 970 992 1058 quse
1008 989 1144 1040 estnomi·

163 1080 166 1087 '
232 1084 274 1136 nis
292 1081 466 1152 pronomine
482 1080 597 1150 positio;
625 1081 703 1146 cujus
720 1079 831 1142 visent,
859 1098 906 1149 pro
921 1099 968 1145 eo,
989 1081 1066 1153 quod
1084 1081 1145 1133 dici·

232 1161 297 1240 tur,
318 1193 445 1234 caussam,
465 1183 575 1246 propter
590 1191 671 1244 quam
687 1173 807 1236 dicitur,
826 1191 943 1244 ponere;
971 1166 1038 1240 sed,
1066 1178 1145 1229 nteit

235 1269 332 1322 Cicero
356 1269 415 1339 (or.
433 1286 455 1320 c.
473 1267 553 1336 ap),
580 1266 758 1337 ὑπαλλαγὴν
782 1268 902 1321 rhetores
926 1270 1033 1324 dicunt.
1077 1272 1145 1324 Haec

101 1416 105 1441 ,Ι
235 1365 348 1416 inventa
362 1363 402 1413 *ab
424 1362 587 1427 inventore,
616 1371 645 1414 et
665 1362 791 1431 subjecta
808 1363 841 1415 ab
858 1364 1050 1419 obtinentibus
1073 1367 1148 1436 signi·

235 1458 318 1520 ficet,
339 1467 388 1511 ut:
1017 1520 1019 1525 Ι

158 1546 161 1551 ’
298 1548 425 1607 Cererem
444 1565 603 1621 corruptam
621 1550 716 1609 undis.
751 1553 873 1650 (Aenl.
893 1552 967 1626 177.)
1002 1563 1046 1609 et:

579 1649 713 1718 Receptus
831 1707 834 1710 ‚

275 1744 278 1749 ’
298 1740 387 1799 Terra
406 1739 551 1814 Neptunus
570 1724 671 1797 classe}
689 1743 875 1817 Aquilonibus
893 1756 979 1797 arcet.

876 1838 956 1914 (Hor.
975 1836 1009 1890 ad
1024 1838 1078 1892 Pis.
1093 1842 1150 1912 63.)

147 1986 149 1997 ,
235 1930 319 2001 Quod
335 1928 367 1983 fit
379 1941 452 1984 retro
469 1931 570 1984 durius.
592 1961 624 1972 ·-
661 1930 737 1984 Illud
760 1950 873 2004 quoque
897 1943 925 1986 et
943 1934 1031 2007 poetis
1048 1944 1078 1987 et
1097 1952 1153 1987 ors·

235 2025 341 2079 toribus
355 2024 500 2097 frequens,
521 2044 668 2098 quocum,
689 2028 737 2099 qui
754 2026 845 2091 efficit,
867 2046 960 2093 exeo,
980 2028 1056 2101 quod
1073 2028 1153 2084 effici·

235 2129 298 2186 tus,
318 2120 495 2173 ostendimus.
531 2120 599 2173 Nam
616 2129 645 2174 ct
660 2122 809 2175 carminum
825 2131 962 2194 auctores:

299 2212 415 2269 Pallida
433 2235 505 2268 mors
520 2208 614 2289 ¹aequo
632 2217 727 2287 pulsat
742 2215 811 2288 pede
831 2236 985 2290 pauperum
1004 2217 1138 2271 tabernas

226 2364 229 2369 ,
297 2309 454 2381 Regumquc
473 2324 572 2367 turres.
608 2298 974 2385 (Hor.0d.l.i.v.13i)
1008 2314 1065 2367 Etr

297 2403 490 2484 Pallentesque
509 2406 639 2464 latitant
657 2409 762 2473 morli,
782 2411 927 2481 tristisque
942 2422 1075 2462 senectus.

818 2505 906 2577 (virg.
925 2507 991 2557 sen.
1009 2505 1056 2556 vi.
1077 2493 1160 2572 ηε.)

240 2595 276 2649 Et
289 2604 379 2649 orator
390 2599 570 2668 praeeipitem
582 2598 654 2650 iram
661 2638 672 2662 ,
692 2597 809 2652 hilarem
826 2599 1054 2660 adolescentiam,
1072 2615 1156 2669 segne

240 2692 327 2744 otium
354 2692 436 2745 dicet.
470 2722 502 2733 -
535 2720 568 2734 -
609 2676 851 2770 'Arsovopuos‘u‚
883 2713 955 2765 quse
978 2693 1084 2764 aliquid
1109 2710 1156 2764 pro

239 2787 348 2840 nomine
362 2787 455 2858 ponit,
475 2787 563 2858 poetis
578 2805 690 2861 quoque
704 2789 784 2841 modo
800 2789 1036 2861 frequentissima,
1063 2798 1093 2840 et
1109 2806 1157 2860 pes

239 2881 398 2952 epitheton,
426 2881 492 2953 quia
515 2882 640 2937 detracto
664 2902 715 2949 eo,
744 2885 790 2938 cui
811 2884 974 2956 apponitur,
1010 2883 1086 2937 valet
1109 2903 1156 2955 pro

162 2974 165 2978 ’
238 2976 363 3030 nornine:
390 2975 522 3047 Tydides,
541 2976 662 3042 Pelides,
681 2989 756 3036 etex
771 2979 823 3044 his,
844 2979 962 3053 quasin
976 2995 1158 3053 quocumque

239 3080 307 3125 sunt
325 3073 490 3144 praecipuas

292 3166 393 3219 Divum
409 3179 493 3238 potsr
510 3180 594 3243 atque
612 3165 752 3220 hominum
771 3183 829 3219 ree.
873 3166 960 3236 (Virg.
975 3167 1041 3222 Aen.
1058 3168 1080 3222 1.
1092 3168 1158 3240 65.)

239 3258 324 3316 Etex
340 3259 436 3325 sectis,
456 3262 556 3334 quibus
574 3261 839 3334 personnsignatur:
865 3294 873 3300 ·
971 3260 974 3265 ’
1145 3260 1148 3265 ’

291 3380 323 3396 -·
343 3383 377 3398 -
396 3356 532 3411 ttatamo
548 3373 623 3433 quae
639 3354 701 3430 fixa
720 3355 885 3427 reliquit-
904 3357 1016 3427 Impius.

913 3451 999 3523 (Aen.
1013 3452 1059 3504 IV.
1076 3450 1159 3522 495.)

239 3543 399 3601 Oratoribus
420 3544 524 3599 etiarnsi
545 3562 621 3596 rurus
642 3545 700 3613 ejus
721 3544 779 3611 rei,
808 3546 959 3598 nonnullus
977 3555 1070 3598 tamen
1091 3565 1159 3600 usus

240 3650 290 3693 est.
309 3669 342 3683 «-
371 3639 618 3716 Ὄνοματοποιΐα
641 3640 770 3711 quidem,
805 3640 834 3691 id
859 3640 997 3693 est'fictio
1020 3642 1158 3708 nominis,

240 3733 352 3789 Graecis
366 3735 439 3787 inter
451 3735 568 3786 maxima
583 3732 678 3787 habits
693 3735 825 3798 virtutes,
854 3733 931 3788 nobis
955 3735 1000 3787 vix
1023 3737 1162 3806 permitti·

240 3831 295 3881 tur.
313 3856 345 3870 ··-
381 3828 420 3882 Eo
437 3830 518 3898 magis
531 3829 683 3884 necessaris
700 3833 897 3907 κατάχρησις,
926 3849 1008 3902 quam
1025 3840 1099 3883 recte
1117 3832 1162 3883 di-

200 3926 202 3931 '
243 3921 330 3977 cimus
355 3923 531 3989 abusionem,
567 3943 639 3998 quae
667 3942 723 3976 non
750 3923 916 3977 habentibus
945 3942 1045 3977 nomen
1077 3944 1162 3979 suum

242 4018 446 4086 accommodet,
467 4020 544 4094 quod
556 4023 586 4074 in
600 4021 723 4094 proximo
740 4029 795 4084 est,
816 4021 870 4073 sic:

364 4116 368 4123 '
421 4116 532 4187 Eqssum
551 4115 650 4167 divina
669 4113 797 4168 Palladis
815 4128 877 4170 arte

324 4203 489 4281 Aedificant.
526 4209 611 4284 (Aen.
630 4207 743 4281 ll.15·)
