2610 4800
134 402 145 436 a
620 343 676 435 44

41 541 43 545 ⁴
145 542 220 617 iris,
254 561 338 624 quaa
362 539 440 604 inde
464 540 683 620 contraxerit,
716 540 806 624 quod
824 562 890 602 non
908 539 1162 624 intelliguntur.

145 651 232 713 Hinc
264 648 361 711 etiam
388 648 492 732 aliqui
522 651 640 711 famam
670 649 866 711 eruditionis
898 651 1081 731 affectant,
1124 665 1163 716 ut

43 777 50 785 ·
147 755 306 840 quaedam
337 751 400 818 soli
429 757 514 818 scire
536 755 718 820 rideantur.
766 758 902 819 Fallunt
929 757 1031 820 etiam
1056 761 1162 822 verba

145 864 200 924 vel
217 863 406 946 regionibus
427 864 623 946 quibusdam
639 863 740 949 magis
755 864 939 944 familiaria,
961 864 1014 937 vel
1033 866 1162 931 artium

146 972 287 1055 propria.
310 1008 351 1022 -
391 971 470 1034 Plus
496 981 605 1037 tamen
635 982 683 1034 est
707 972 918 1036 obscuritatis
940 954 1162 1038 in'contextn

147 1089 181 1141 et
204 1079 450 1144 continuatione
465 1081 623 1143 sermonis
641 1093 673 1145 et
689 1083 799 1165 plures
818 1083 916 1175 modi.
958 1085 1073 1162 Quare
1096 1106 1161 1148 nec

148 1186 192 1250 sit
209 1196 276 1248 tarn
292 1187 431 1274 longus,
450 1198 500 1270 ¹ut
517 1212 591 1250 eum
610 1189 762 1272 prosequi
781 1212 845 1252 non
863 1191 967 1274 possit
985 1188 1160 1270 intentio,

97 1308 101 1329 ·’
134 1284 210 1357 'nec
233 1293 426 1378 trajectione
450 1305 516 1357 tam
541 1297 677 1374 tardus,
719 1299 815 1366 utin
845 1298 1048 1381 hyperbaton
1082 1299 1161 1361 finis

98 1423 101 1427 ·
147 1402 217 1487 ejus
235 1402 411 1476 differatur.
454 1404 581 1483 Quibus
602 1414 711 1468 autam
727 1402 819 1490 pejor
844 1416 893 1467 est
910 1384 1056 1467 inixtura
1081 1428 1163 1470 ver·

145 1512 281 1588 borum,
295 1511 411 1601 'qualis
429 1513 463 1574 in
483 1513 539 1574 iilo
554 1510 671 1577 verso:
737 1554 740 1559 ·

189 1679 264 1733 Saxa
282 1693 388 1735 vocant
405 1682 491 1744 Itali,
511 1679 608 1734 madiis
627 1699 700 1751 qnae
719 1682 750 1733 in
760 1679 917 1750 fluctibus,
938 1676 1060 1746 aras<*).
1085 1711 1121 1724 --

77 1898 81 1904 ·
146 1856 288 1922 Vitanda
304 1856 454 1939 inprimis
473 1857 674 1937 ambiguitas,
695 1876 760 1917 non
777 1853 857 1917 haec
876 1854 982 1917 solum
993 1903 1002 1934 ,
1027 1855 1070 1918 de
1089 1881 1158 1942 qua

42 2020 44 2031 ι
146 1983 245 2046 supra
263 1965 471 2039 dictumest,
495 1987 580 2047 quae
596 1965 759 2026 incertum
773 1962 980 2025 intell'eotum
998 1962 1097 2044 facit,
1115 2001 1157 2021 .-

147 2071 203 2133 sed
223 2071 280 2131 iila
303 2092 458 2153 quoque,
492 2095 595 2154 quae,
632 2071 758 2133 etiamsi
788 2093 855 2132 non
880 2080 989 2154 potest
1009 2061 1154 2137 'tm-liare

147 2200 279 2240 sensum
289 2223 299 2254 ‚
320 2179 355 2238 in
371 2179 458 2240 idem
474 2189 582 2242 tamen
600 2181 773 2243 verborum
790 2178 907 2239 vitium
928 2178 1065 2240 incidit:
1093 2192 1151 2260 ut,

134 2286 175 2345 si
191 2286 265 2368 quis
282 2285 381 2366 dicat,
404 2289 507 2351 visum
520 2280 541 2349 'a
555 2310 587 2350 se
601 2291 758 2350 honrinem
773 2290 887 2350 librum
899 2289 1085 2349 scribentem
1096 2289 1152 2366 **).
1174 2365 1176 2371 Α

148 2430 186 2442 ·-
211 2431 248 2440 -
283 2378 350 2456 'Est
374 2397 472 2457 etiam
497 2398 531 2456 in
552 2397 744 2478 quibusdam
763 2397 853 2457 turba
874 2397 1016 2456 inanium
1032 2378 1153 2458 verbo-

146 2524 216 2564 rum
226 2548 240 2577 ‚
262 2503 341 2585 qui,
364 2503 442 2566 dum
460 2527 666 2594 communqm
681 2504 840 2587 loquendi
858 2526 980 2568 morem
999 2508 1153 2567 reformi-

147 2609 246 2687 dant,
268 2611 360 2675 ducti
377 2612 485 2698 specie
501 2612 640 2691 nitoris,
664 2613 872 2674 circumeunt
890 2612 1000 2672 omnia
1018 2613 1153 2696 copiosa

146 2717 370 2803 loquanitate,
394 2697 478 2800 quae
498 2717 609 2784 dicere
636 2718 773 2792 nolunt;
798 2717 901 2802 ipsam
919 2715 1153 2791 deinde'illarn

146 2824 263 2890 seriem
287 2846 363 2889 cum
380 2825 443 2890 alia
460 2826 559 2894 simili
579 2824 752 2911 jungentes
776 2826 1039 2909 manentesque,
1062 2826 1153 2889 ultra

146 2957 246 3017 quarn
263 2933 351 2997 ullus
369 2932 502 3018 spiritus
519 2934 636 3003 durare
651 2933 774 3022 possit,
798 2933 989 3002 extendunt.
1022 2937 1068 3000 -ln
1084 2934 1151 2999 hoc

149 3080 511 3099 m

180 3153 205 3227 ¹⁸)
232 3161 328 3230 Virga.
348 3161 414 3215 Aen.
433 3161 452 3214 l.
473 3163 495 3214 Ι.
514 3180 538 3216 v.
560 3179 616 3233 ¹⁰9·
653 3160 789 3231 Equidem
807 3161 836 3213 in
855 3161 908 3214 hoc
928 3176 1006 3214 versu
1019 3159 1150 3221 „vitiosam

231 3254 375 3308 verborum
393 3255 540 3317 mixturam
554 3254 630 3306 hand
645 3254 740 3322 vide03
761 3256 828 3310 licet
843 3256 899 3309 duo
918 3274 982 3309 sane
996 3254 1151 3330 hyberbata

231 3350 375 3402 offendam.
420 3346 571 3401 cam'hoc
598 3349 694 3420 Quint.
721 3350 783 3403 loco
811 3352 921 3403 omnino
951 3350 1150 3420 comparandus

233 3445 281 3496 ille
307 3445 489 3512 Hermogenis
514 3441 570 3514 (de
594 3443 669 3497 form.
696 3465 733 3498 or.
758 3447 777 3499 l.
798 3449 818 3498 1.
845 3465 870 3516 p.
891 3438 931 3499 5‘3.
960 3446 1003 3497 ed.
1031 3443 1151 3514 Sturm.)

231 3539 388 3597 Έναντίον
406 3537 438 3595 δὲ
458 3540 616 3615 εὐκρινείας
635 3543 790 3614 σύγχυσις,
822 3540 841 3606 ἢ
860 3540 897 3607 δὴ
916 3542 1045 3610 γίνεται,
1065 3536 1151 3598 -ὅταν

232 3638 319 3709 χωρὶς
333 3641 392 3690 τῶν
405 3623 554 3692 ’τοιούτων
568 3637 729 3713 so'xptrsiav
743 3634 903 3710 napcssdditn
918 3655 962 3703 τις
978 3639 1029 3690 καὶ
1040 3643 1151 3711 μεστὸν

142 3741 146 3747 ’
232 3734 306 3799 ποιῇ
325 3735 379 3785 τὸν
397 3728 498 3799 λόγον.
773 3804 777 3811 ὁ

167 3819 206 3892 **)
230 3823 361 3896 Τρίτον,
381 3831 422 3897 μή
441 3825 621 3900 ἀμφιβόλοις
644 3826 746 3896 (scitia.
768 3827 896 3898 ὀνόμασι
916 3825 1033 3895 λέγειν).
1070 3828 1149 3882 Arist.

232 3917 309 3970 Rhea
324 3918 343 3971 i.
359 3920 409 3971 111.
425 3937 448 3973 c.
463 3923 488 3975 5.
503 3951 534 3960 -
561 3923 665 3975 Eodem
679 3922 760 3973 modo
775 3908 928 3974 Demetrius
947 3923 998 3992 (de
1013 3905 1150 3994 aluenni:

232 4018 361 4086 φευγέτω
379 4011 410 4072 tt
430 4017 449 4083 ἡ
468 4021 564 4088 σαφὴς
581 4022 681 4092 γραφὴ
699 4020 821 4086 καὶτὰς
840 4017 1030 4092 ἀμφιβολίας.
1056 4016 1153 4091 (CC.)
