2610 4800
626 394 716 477 119·

107 676 122 683 =
159 602 224 673 τῆς
243 598 422 682 ἁρμονίας,
443 596 534 660 κατά
551 602 665 662 ταῦτα
688 600 724 663 δέ
742 601 907 677 πτώσεις,
927 602 1061 675 ποικίλη
1082 626 1160 691 περι

158 707 517 788 τουςσχηματισμοὺς,
533 707 825 790 ὀλιγοσύνδεσμος,
840 706 1016 792 ἄναρθρος,
1038 711 1073 774 ἐν
1084 713 1164 775 πσλ-

158 815 236 887 λοῖς
268 813 471 897 ὑπεροπτικὴ
503 817 561 886 τῆς
594 812 820 891 ἀκολουθίας,
855 814 981 890 ἥκιστα
1013 818 1164 902 ἀνθηρά,

159 920 405 1005 μεγαλόφρων,
432 923 645 996 αὐθέκαστος
653 965 664 997 ,
692 923 916 1004 ἀκόμψευτος,
944 926 1006 988 τὸν
1024 925 1162 1009 ἀρχαῖα·

157 1031 228 1111 μὸν
250 1027 308 1089 καί
331 1029 372 1090 τὸ
398 1040 497 1093 πῖνον
523 1031 649 1112 ἔχουσα
672 1030 804 1105 κάλλος.

222 1136 356 1210 Ταύτης
376 1136 412 1198 δὲ
433 1145 490 1210 τῆς
508 1138 665 1223 ἁρμονίας
682 1140 802 1203 πολλοὶ
819 1141 877 1221 μέν
895 1141 1046 1222 ἐγένοντο
1067 1142 1163 1216 ζηλω·

154 1244 224 1307 ταὶ
246 1244 336 1306 κατά
357 1267 395 1306 τε
416 1244 553 1319 ποίησιν
573 1247 631 1307 καὶ
651 1248 804 1331 ἱστορίαν
823 1248 880 1308 καὶ
897 1249 1014 1330 λόγους
1033 1249 1162 1309 πολιτι-

155 1353 254 1428 κοὸς,
277 1352 493 1436 διαφέροντες
511 1355 547 1416 δέ
561 1359 629 1418 τῶν
645 1357 771 1432 ἄλλων,
794 1357 828 1419 ἐν
844 1357 902 1439 μέν
918 1358 1011 1439 ἐπικῇ
1028 1354 1159 1428 ποίηοει

154 1460 238 1523 ὀτε
255 1461 470 1543 Κολοφώνιος
490 1463 692 1545 Ἀντίμαχος
711 1464 768 1523 καὶ
787 1464 1007 1546 Ἐμπεδοκλῆς
1027 1465 1044 1524 ὀ
1064 1475 1161 1544 φυοι·

154 1568 233 1643 κός·
274 1569 308 1631 έν
346 1569 383 1630 δὲ
417 1570 595 1649 μελοποιία
626 1571 809 1655 Πίνδαρος·
847 1574 881 1634 ἐν
920 1571 956 1632 δὲ
989 1570 1158 1653 τραγῳδίᾳ
1249 1548 1254 1558 ⁸

152 1675 347 1759 Αἰσχύλος·
376 1678 411 1740 ἐν
429 1678 456 1737 δ’
473 1677 608 1763 ἱστορίᾳ
623 1678 842 1754 Θουκυδίδης·
865 1681 899 1742 έν
919 1679 955 1741 δέ
970 1680 1159 1751 πολιτικοῖς

155 1782 271 1867 λόγοις
294 1783 471 1867 Ἀντιφῶν.
499 1821 541 1832 -
573 1823 610 1833 -
640 1822 681 1833 -

220 1888 263 1953 Ἡ
280 1892 316 1956 δέ
334 1892 491 1976 γλαφυρὰ
510 1895 568 1953 καί
586 1894 715 1978 ἀνθηρὰ
734 1893 913 1969 σύνθεσις,
941 1895 979 1966 ἣν
1000 1893 1158 1977 δευτέραν

127 1996 283 2085 ..ἀθέμην
308 2006 351 2080 τῇ
376 2001 493 2074 τάξει,
522 2008 716 2085 χαρακτῆρα
737 2000 871 2063 τοιόνδε
888 2001 970 2082 ἔχει·
1003 2003 1041 2061 οὐ
1067 2001 1158 2075 ζητεῖ

153 2106 238 2168 καθ’
257 2104 402 2170 ἕκαστον
420 2108 526 2189 ὄνομα
543 2109 577 2168 έκ
596 2088 814 2192 περιφανείας
836 2110 1010 2186 ὁρᾶσθαι,
1039 2108 1108 2168 οόδ’
1123 2109 1157 2170 έν

155 2214 242 2298 ἕδρᾳ
255 2215 373 2299 πάντα
396 2216 568 2298 βεβηκέναι
585 2216 732 2298 πλατείᾳ
750 2239 789 2277 τε
810 2216 866 2276 καὶ
883 2216 1049 2299 ἀσφαλεῖ,
1081 2215 1156 2278 οὐδὲ

153 2324 303 2409 μακροὺς
319 2330 399 2401 τοῦς
416 2325 540 2405 μεταξὺ
563 2325 672 2385 αὐτῶν
691 2323 777 2405 εἶναι
794 2325 952 2406 χρόνους,
984 2324 1052 2385 οόδ’
1075 2319 1155 2396 ὅλως
1223 2338 1229 2349 “

151 2433 198 2491 τὸ
218 2430 324 2514 βραδὺ
340 2431 397 2490 καὶ
415 2432 587 2513 σταθηρὸν
606 2435 710 2493 τοῦτο
729 2432 829 2511 φίλον
851 2433 954 2512 αὐτῇ,
975 2418 1078 2492 Ιοἰλλά
1098 2433 1155 2491 καὶ

152 2539 332 2601 κινεῖσθαι
349 2539 504 2620 βούλεται
522 2541 588 2610 τὴν
603 2539 809 2620 ὀνομασίαν,
840 2539 895 2598 καί
912 2539 1079 2621 φέρεσθαι
1098 2540 1155 2598 καί

152 2645 290 2729 θάτερα
314 2647 404 2706 κατὰ
428 2649 494 2707 τοῖν
523 2647 641 2728 ἑτέρων
663 2647 858 2728 ὀνομάτων,
887 2648 944 2706 καὶ
971 2647 1154 2728 ὀχεῖσθαι,

149 2750 219 2824 τὴν
236 2752 460 2836 ἀλληλουχίαν
479 2755 698 2835 λαμβάνοντα
713 2756 826 2835 βάσιν,
847 2753 947 2837 ὥςπερ
966 2756 1013 2814 τὰ
1033 2752 1154 2833 ῥέοντα

150 2860 297 2942 νάματα
329 2862 386 2920 καί
415 2860 579 2943 μηδέποτε
605 2862 834 2945 ἀτρεμοῦντα·
867 2861 1094 2945 συνειληφθαί
1122 2861 1153 2920 τ’

151 2968 313 3042 ἀλλήλοις
338 2956 427 3043 ἀξιοῖ
447 2969 504 3027 καὶ
529 2969 747 3048 συνυφάνθαι
767 2972 813 3031 τὰ
834 2971 933 3050 μόρια
955 2977 1012 3041 τῆς
1037 2969 1152 3042 λέξεως

150 3074 234 3154 ὄψιν
254 3075 487 3138 ἀποτελοῦντα
506 3078 549 3148 εἰς
567 3075 718 3156 δίναμιν.
759 3083 863 3143 τοῦτο
884 3077 919 3137 δὲ
937 3079 1094 3138 ποιοῦσιν
1114 3075 1152 3134 αἱ

149 3186 221 3245 τείν
242 3175 407 3267 ἁρμονιῶν
426 3182 611 3265 ἀκρίβειαι,
631 3183 751 3268 χρόνον
768 3184 935 3257 αἰσθητὸν
953 3182 1073 3246 οὐδένα
1087 3181 1152 3244 τὸν

151 3289 283 3373 μεταξὺ
307 3297 375 3354 τῶν
403 3290 576 3372 ὀνομάτων
598 3285 848 3374 λαμβάνουσαι·
883 3290 968 3351 ἔοικέ
993 3310 1031 3349 τε
1059 3289 1150 3350 κατά

149 3402 259 3460 τσῡτο
275 3395 318 3456 τὸ
333 3396 426 3479 μέρος
446 3397 604 3478 εὐητρίοις
622 3402 741 3478 ι’·φαῖς,
763 3398 782 3471 ιῖ
797 3407 943 3481 γραφαῖς
962 3395 1150 3478 συνεφθαρ-

150 3504 238 3585 μένα
256 3504 304 3564 τά
318 3506 467 3584 φωτεινὰ
488 3517 560 3580 τοῖς
582 3517 724 3589 σκιεροῖς
747 3506 913 3588 ἑχοέσαις.
956 3501 1089 3586 εόφωνά
1110 3523 1151 3571 τε

150 3610 314 3692 βούλεται
331 3610 419 3674 εἶναι
435 3613 552 3674 πάντα
569 3614 721 3693 ὀνόματα
734 3616 790 3672 καί
808 3615 903 3687 λεῖα,
927 3611 982 3671 καὶ
1000 3608 1149 3693 μαλακά,

149 3720 210 3780 καί
228 3719 442 3801 παρθενωπά.
486 3721 659 3805 τραχείαις
680 3723 715 3781 δὲ
731 3721 916 3800 συλλαβαῖς
936 3718 994 3778 καὶ
1013 3714 1148 3780 ἀντιτό·

146 3849 228 3901 ποις
252 3827 446 3909 ἀπέχθεταί
468 3852 542 3890 που.
584 3831 625 3889 τὸ
653 3831 689 3890 δέ
709 3830 819 3910 θρασὺ
838 3833 907 3888 πᾶν
931 3826 988 3886 καὶ
1005 3844 1148 3904 παρακι-

148 3936 405 4017 κινδννιυμένον
422 3936 479 3996 καὶ
495 3936 537 3998 δι’
557 3936 728 4017 εὐλαβείας
746 3934 824 4018 ἔχει.
846 3969 886 3981 ·-
1051 3917 1058 3925 ’
