2610 4800
583 366 706 481 ¹ssa

147 593 245 647 eausa
260 568 411 648 lucidior,
435 567 493 632 sed
509 564 686 650 aliquando
703 565 813 645 etiam,
836 565 990 651 utmagis
1005 579 1137 635 moveat

146 683 256 743 Movet
273 687 403 753 autem,
438 675 465 748 si
484 675 634 758 protinus
658 675 872 737 subtexantur
893 675 1024 758 aliqua,
1061 697 1139 759 quae

19 798 21 805 '
55 853 59 859 ‚
131 787 283 874 ,prosint
310 787 396 847 ¹Lex
422 797 535 866 aperte·
552 785 669 864 scripta
697 796 764 856 est,
802 797 837 846 nt
855 770 1063 869 peregrinus,
1090 785 1140 869 qni

147 914 268 957 murum
283 889 458 976 ascenderit
466 935 479 963 ,
500 902 597 950 morte
615 891 761 951 multetur
768 915 781 962 ;
811 891 1009 974 peregrinum
1031 904 1061 952 te
1081 911 1142 951 esse

148 1016 273 1067 eertum.
290 1012 353 1060 este
389 996 670 1085 qnin'ascenderis
699 1019 842 1071 murum,
874 1009 938 1060 no'n
966 1001 1143 1085 quaeritur.-

148 1111 228 1199 qnid
240 1121 398 1191 superest,
418 1108 501 1180 nisi,
524 1121 558 1169 ut
573 1121 601 1167 te
614 1109 726 1193 puniri
744 1109 909 1189 oporteat?
950 1109 1038 1169 Haeo
1058 1107 1145 1169 euim

116 1213 118 1216 ’
148 1217 330 1303 propositio
351 1214 593 1279 'confessionem
613 1212 795 1275 'adversarii
825 1213 963 1296 premit,
1000 1225 1034 1276 et
1062 1234 1146 1297 quo·

149 1323 319 1389 dammodo
343 1318 511 1404 judicandi
535 1341 657 1383 moram
676 1320 784 1400 tollit,
816 1342 877 1383 nee
898 1319 1025 1384 indicat
1045 1343 1147 1405 quae·

148 1433 305 1507 ationem,
329 1429 386 1492 sed
404 1426 544 1512 adjurat.

208 1541 293 1601 Sunt
307 1548 415 1599 autem
432 1538 666 1622 propositiones
684 1545 717 1600 ot
733 1536 912 1624 simplices,
943 1547 977 1603 et
999 1536 1146 1623 duplices

43 1648 51 1663 ²
148 1647 202 1725 rel
220 1640 436 1732 multiplices.¹
470 1649 519 1724 (c.
538 1645 588 1725 lp)

395 1839 492 1894 Cicero
526 1835 586 1911 (De
599 1840 704 1892 Iurent.
722 1836 742 1892 l.
758 1841 780 1898 1.
796 1853 819 1895 e.
835 1836 897 1911 m.)

210 1965 311 2029 Recte
327 1963 437 2028 habita
458 1966 492 2027 in
513 1987 610 2028 eausa
627 1967 758 2048 partitio
778 1960 940 2029 illustrem
967 1974 1000 2028 et
1018 1965 1144 2051 perspiq

149 2094 245 2139 cuam
262 2072 364 2137 totam
382 2073 481 2135 efficit
501 2072 692 2136 orationem.
733 2072 811 2158 Ejus
831 2085 937 2158 partes
953 2070 1039 2136 duee
1055 2074 1140 2154 suot,

150 2174 290 2266 quarum
307 2191 446 2263 utraque
461 2203 654 2264 magnopere
671 2180 931 2264 adoperiendam
945 2203 1091 2260 oausam,
1110 2190 1140 2244 et

151 2288 416 2353 constituendam
433 2291 577 2371 pertinet
595 2288 859 2360 controversiam.
900 2291 972 2351 Una
988 2298 1153 2383 panget,

151 2417 256 2480 quae,
290 2395 370 2478 quid
393 2417 470 2457 eum
495 2395 685 2457 adversariis
714 2395 906 2475 conveniat,
944 2407 977 2460 et
1001 2397 1083 2482 quid
1107 2396 1138 2459 iu

153 2504 376 2567 controversia
402 2502 627 2586 relinquatur,
657 2503 821 2579 ostendit;
864 2526 902 2567 ex
927 2526 993 2588 qua
1018 2514 1140 2568 eertum

151 2610 308 2695 quiddam
326 2610 515 2694 designatur
534 2609 696 2689 auditori,
727 2611 761 2672 in
781 2633 847 2695 quo
866 2611 1011 2673 animum
1029 2613 1141 2677 debeat

70 2780 72 2787 ,
151 2718 270 2803 habere
292 2728 496 2802 occupatum.
537 2719 648 2781 Altera
668 2731 733 2798 est,
757 2719 790 2780 in
809 2741 1140 2804 quaremm-earum,

152 2825 193 2888 de
218 2827 336 2909 quihus
359 2827 479 2889 erimus
499 2825 641 2903 dicturi,
667 2826 812 2890 breviter
829 2827 987 2912 expositio
1009 2829 1143 2913 ponitur

151 2932 346 3009 distributa3
381 2955 419 2998 ex
443 2956 508 3018 qua
538 2934 730 3012 conficitur,
765 2945 802 2997 ut
826 2945 931 2999 certas
958 2936 1140 2999 unimores

150 3052 262 3107 teneat
271 3020 410 3121 audilor,
422 3043 543 3126 quibus
557 3041 668 3120 dietis,
683 3041 856 3127 intelligat,
867 3047 936 3107 fore
947 3056 1143 3127 peroratum.

150 3152 246 3214 Nunc
264 3161 406 3234 utroque
423 3171 539 3234 genere
560 3150 759 3234 partitionis,
782 3151 1055 3235 quemadmodum
1070 3173 1143 3215 ooo·

150 3259 262 3321 veniat
291 3259 360 3332 uti,
394 3258 537 3319 breviter
562 3258 740 3321 dicendum
770 3259 908 3342 videtur.
950 3262 1043 3339 Quae
1071 3280 1144 3344 pur·

152 3366 237 3443 titio,
261 3364 342 3449 quid
361 3363 546 3441 conveniat,
568 3376 625 3428 aut
643 3365 724 3449 quid
742 3387 808 3426 noo
828 3365 1014 3444 conveniat,
1037 3368 1143 3429 osteo·

151 3470 219 3552 dit,
258 3473 338 3535 haee
360 3472 453 3535 debet
473 3471 578 3550 illud,
610 3473 698 3556 quod
721 3472 898 3553 convenit,
927 3473 1091 3536 inclinare
1104 3472 1143 3533 ud

151 3602 229 3644 suae
261 3582 389 3668 ¹causae
414 3582 639 3659 commodum,
678 3581 741 3644 hoo
772 3581 891 3644 modo:
933 3583 1142 3644 interfectam

153 3701 287 3754 matrem
307 3711 376 3752 esse
395 3713 414 3749 a
430 3690 521 3768 filio,
556 3690 711 3752 convenit
732 3689 811 3751 mihi
840 3711 914 3750 oum
933 3675 1141 3751 adversariis.

152 3798 233 3859 Item
254 3808 385 3860 contra:
418 3798 630 3860 Interfeetum
653 3782 758 3861 essee
781 3799 1037 3882 Clytaemnestra
1057 3804 1142 3879 Aga·

152 3927 374 3981 memnonem,
408 3906 573 3968 convenit.
615 3906 694 3966 Nam
721 3905 773 3968 hie
800 3916 940 3990 uterque
963 3915 996 3968 et
1020 3905 1054 3966 id
1084 3926 1140 3989 po·

153 4010 242 4091 suit,
273 4013 360 4096 quod
374 4014 609 4093 conveniebat,
640 4024 796 4081 ettamen
816 4036 893 4077 suae
914 4034 1030 4078 causae
1052 4034 1139 4075 eom·
