2610 4800
604 425 688 500 566

148 621 207 691 s'e'd
233 625 323 710 quod
351 625 391 686 ad
418 645 571 687 numeros
600 622 747 708 proxime
770 622 916 687 accedite
958 644 1026 707 qno
1052 625 1134 696 etium

148 735 311 798 difficilius
327 742 376 795 est
395 733 543 793 oratione
559 733 626 806 uti,
656 754 753 815 quam
772 731 934 794 versibus:
972 732 1060 815 quod
1079 732 1132 794 illis

144 853 238 906 certa
275 840 434 925 quaedem
458 851 491 902 et
514 841 653 902 definite
676 838 728 901 lex
758 849 826 916 est,
847 862 957 921 quam
985 842 1077 922 sequi
1099 841 1133 902 sit

148 964 298 1012 necesses
323 949 356 1010 in
376 948 515 1011 diceudo
534 960 641 1010 autem
662 946 742 1007 nihil
764 959 813 1009 est
835 949 1060 1029 propositum,
1081 946 1131 1009 uisi

148 1070 204 1120 aut
220 1080 260 1119 ne
276 1058 506 1134 immoderate,
537 1069 593 1118 aut
613 1064 767 1139 ungusta,
802 1066 857 1138 aut
878 1055 1059 1132 dissoluta,
1089 1063 1134 1117 aut

147 1166 252 1228 fluens
280 1168 322 1229 sit
349 1170 462 1227 oratio.
489 1238 491 1243 ι
517 1168 631 1247 Itaque
661 1185 725 1225 uon
756 1173 833 1224 sunt
865 1163 899 1224 iu
926 1185 963 1226 ea
992 1144 1136 1247 tanquam

147 1273 278 1336 tibicini
304 1274 554 1356 percussionum
580 1271 689 1349 modi,
727 1272 784 1334 sed
816 1271 971 1333 universa
1001 1294 1140 1363 compre·
1165 1346 1168 1355 Ι

146 1380 264 1442 hensio
286 1391 318 1442 et
337 1375 462 1463 species
481 1380 662 1457 orationis,
697 1379 808 1441 clausu
830 1392 862 1442 et
885 1379 1059 1453 terminata
1082 1381 1140 1443 este

147 1488 238 1572 quud
253 1491 414 1570 voluptate
430 1490 553 1550 aurium
568 1487 743 1572 judicatur.
785 1487 876 1550 Solet
893 1500 1002 1551 antem
1024 1489 1142 1571 quaeri,

146 1608 261 1661 totone
283 1598 316 1657 in
344 1597 468 1679 ambitu
487 1597 660 1658 verborum
679 1589 807 1656 numeri
830 1596 964 1658 tenendi
991 1596 1079 1676 sint,
1108 1618 1143 1661 en

147 1704 315 1788 inprimis
339 1705 487 1788 portibus
506 1716 604 1786 atque
625 1695 664 1764 iu
682 1703 843 1766 extremis.
886 1703 1043 1788 Plerique
1063 1705 1144 1768 enim

147 1821 303 1891 censent,
329 1812 445 1874 cudere
463 1821 590 1874 tentum
608 1833 780 1873 numerose
798 1821 948 1895 oportere
964 1814 1145 1875 terminari·

148 1941 213 2003 que
238 1920 472 1985 senteutiam.⁴
501 1921 562 1981 Est
579 1931 709 1996 antem,
742 1931 779 1982 ut
800 1919 833 1979 id
856 1921 993 1982 maxime
1012 1921 1143 2001 deceat,

148 2046 214 2089 non
237 2027 270 2090 id
290 2028 412 2100 solum;
447 2027 618 2110 ponendus
639 2037 687 2089 est
711 2027 799 2088 enim
820 2026 875 2088 ille
893 2028 1059 2106 ambitus,
1085 2050 1145 2093 nou

73 2131 89 2139 '‘
148 2135 360 2220 abjiciendus.
389 2139 512 2214 Quare
534 2157 722 2196 combures
748 2147 927 2197 extremum
948 2158 1079 2220 semper
1097 2160 1146 2200 ex·

149 2254 311 2328 spectent,
328 2243 362 2303 in
381 2264 483 2324 eoque
495 2243 723 2327 'acquiescunt,
747 2243 779 2304 id
794 2234 909 2306 uacare
927 2266 1065 2308 numero
1084 2266 1146 2308 uon

53 2333 55 2336 Α
148 2361 298 2435 oportet:
331 2351 387 2411 sed
414 2351 561 2412 adhunc
582 2352 703 2412 exitum
723 2361 831 2437 temen
853 2374 870 2411 a
889 2353 1056 2437 principio
1074 2352 1148 2416 lerri

148 2459 245 2521 debet
271 2459 443 2520 verborum
472 2458 527 2517 illa
553 2457 822 2542 comprehensio,
858 2470 891 2521 et
910 2469 980 2522 totu
1002 2462 1150 2546 npepite

148 2564 195 2626 ita
217 2565 336 2644 fluere,
369 2577 406 2628 ut
431 2566 471 2628 ad
502 2572 681 2628 extremum
713 2567 848 2630 venicus
869 2557 948 2651 ⁴ipsu
981 2571 1149 2634 consistat.

117 2756 122 2763 Ι
149 2673 187 2735 Id
214 2686 323 2736 nutem
347 2675 432 2735 bona
464 2666 638 2757 disciplina
666 2675 872 2751 exercitatis,
911 2677 967 2759 qui
991 2689 1023 2741 et
1048 2680 1151 2742 mutu

147 2781 364 2864 scripserint,
394 2793 427 2844 et
450 2803 678 2864 quaecumque
701 2782 798 2843 etiam
818 2782 889 2845 sine
913 2782 1038 2867 scripto
1061 2786 1152 2848 dice·

147 2899 240 2966 rent,
262 2889 383 2950 similia
405 2889 600 2971 scriptorum
622 2888 808 2967 effecerint,
832 2898 897 2951 noir
915 2893 979 2954 erit
996 2892 1152 2956 difficilli-

146 3007 248 3057 tnum.
290 2997 376 3060 Ante
405 2997 491 3058 enim
518 2997 803 3060 circumscribitur
828 2982 937 3062 merite
956 3002 1151 3080 sententie,

145 3088 387 3188 ‘confestimque
412 3105 509 3167 verba
541 3116 760 3168 concurrunt:
795 3128 880 3188 quae
903 3129 995 3169 mens
1019 3108 1149 3188 eudem,

149 3232 214 3294 que
230 3211 311 3272 nihil
327 3224 377 3274 est
392 3212 545 3289 celerius,
564 3213 674 3275 statim
692 3212 841 3292 dimittit,
866 3226 903 3281 ut
918 3236 978 3276 suo
995 3218 1153 3302 quodque

145 3316 222 3381 loco
248 3319 458 3401 respondeat:
496 3342 634 3403 quorum
661 3320 844 3407 descriptus
869 3322 948 3384 ordo
972 3325 1054 3388 elius
1088 3325 1151 3387 elie

148 3428 379 3491 terminatione
406 3428 633 3490 concluditur:
667 3441 762 3514 atque
790 3430 899 3494 omnia
918 3432 976 3494 illa
996 3442 1029 3495 et
1046 3434 1150 3517 prime

149 3547 182 3598 et
211 3536 315 3597 media
339 3536 436 3598 verba
462 3547 608 3618 spectare
633 3537 753 3600 debent
777 3538 819 3600 nd
837 3540 1000 3603 ultimum.
1046 3538 1150 3605 loter'·

149 3642 227 3715 dum
247 3644 333 3712 euim
351 3666 465 3706 cursus
485 3656 541 3707 est¹
554 3646 587 3706 in
606 3647 752 3707 oratione
772 3648 960 3728 incitatior,
983 3650 1150 3712 interdum

149 3751 313 3812 moderata
335 3753 508 3835 ingressio:
542 3763 580 3813 ut
597 3752 660 3836 jam
678 3777 694 3812 u
711 3754 876 3838 principio
893 3757 1070 3819 videndum
1092 3760 1146 3837 sit,

73 3945 76 3950 Ι
147 3861 421 3943 'quemadmodum
440 3861 521 3922 velis
542 3863 653 3923 venire
671 3863 711 3922 ad
730 3860 917 3928 extremum.
952 3867 1070 3928 Necin
1091 3888 1148 3928 uu·

151 3967 248 4028 meris
266 3972 383 4052 magis,
417 3970 564 4053 quarnBin
585 3971 718 4053 reliquis
741 3975 941 4035 ornamentis
967 3974 1144 4051 orationis,

152 4076 263 4141 eudem
280 4100 355 4139 cum
371 4078 546 4156 faciamus,
580 4100 664 4161 quae
681 4091 818 4162 potitae„
849 4081 1019 4166 effugimus
1037 4094 1146 4147 tamer
