2610 4800
537 488 594 569 13

121 693 216 759 Ἐπεὶ
231 691 268 756 δέ
280 691 404 771 πέντε,
434 693 475 767 ὡς
493 692 538 757 οἷν
554 691 644 755 εἴποι
658 710 730 769 τις,
756 690 861 774 πηγαί
872 691 963 767 τινές
978 691 1068 759 ιέσιν

55 802 94 862 αἱ
117 808 177 876 τῆς
201 799 385 885 όψηγορέας
405 798 653 882 μονιμώτατοι·
681 800 814 883 πρότον
834 799 894 884 μέν
913 801 970 863 καὶ
989 800 1066 885 ερά·

54 932 179 974 τιστον
195 907 240 972 τό
256 907 334 992 περὶ
355 905 418 982 τάς
435 909 567 981 νοήσεις
584 906 833 990 άδρεπήβολον,
855 908 895 982 ός
909 907 973 991 κάν
990 918 1067 984 τοῖς

53 1016 131 1098 περὶ
144 1017 365 1096 Ξενοφῶντος
383 1013 597 1101 ὡρισάμεθα·
615 1013 771 1100 δεύτερον
787 1014 834 1091 δέ,
855 1014 899 1077 τδ
913 1013 1067 1099 σφοδρόν

55 1127 115 1186 καὶ
147 1120 433 1190 ἐνθουσιαστικάν
454 1121 579 1197 πάθος.
618 1120 708 1184 Ἀλλ’
734 1122 771 1182 αέ
797 1120 857 1207 μέν
877 1122 937 1186 δύο
960 1122 1066 1184 αὗται

55 1239 120 1296 τοῦ
143 1231 247 1312 όψους
272 1229 365 1293 κατά
392 1228 436 1291 τά
461 1231 565 1295 πλέον
587 1230 775 1312 αὐθιγενεῖς
796 1228 1001 1307 συστάσεις·
1030 1226 1069 1290 αἱ

57 1339 176 1403 λοιπαὶ
195 1338 224 1400 δ’
235 1330 296 1414 ’ἤδη
316 1338 374 1400 καὶ
395 1338 455 1400 διά
470 1338 610 1422 τέχνης,
638 1337 658 1412 ἦ
681 1340 720 1400 τό
745 1337 830 1400 ποιά
854 1345 922 1401 τόν
939 1337 1070 1424 σχςμά·
1159 1389 1163 1396 .

55 1470 124 1511 των
142 1445 287 1524 πλοίοις,
319 1443 445 1526 (δισσά
463 1446 500 1508 δέ
513 1469 579 1509 που
595 1452 733 1526 ταῦτα,
760 1445 809 1507 τά
827 1446 886 1529 μέν
905 1448 1067 1527 νοήσεως,

54 1556 188 1640 θάτερα
214 1554 250 1617 δέ
271 1554 408 1633 λέξεως)
442 1553 498 1615 έπέ
521 1552 558 1615 δὲ
582 1553 718 1627 τοέτοις
742 1555 760 1626 ἡ
781 1565 922 1636 γενναῖα
940 1559 1067 1638 φράσις

55 1663 109 1742 (ἦς
128 1663 206 1747 μέρη
221 1660 328 1724 πάλιν
346 1659 525 1742 ὀνομάτων
541 1680 580 1721 τε
600 1659 715 1740 ἐκλογὴ
735 1659 793 1720 καὶ
813 1662 831 1732 ἦ
849 1666 991 1744 τροπικὴ
1008 1662 1067 1723 καὶ

53 1772 260 1851 πεποιήμενη
283 1767 411 1843 λέξις)
440 1767 576 1848 πέμπτη
604 1764 639 1827 δὲ
665 1765 824 1848 μεγέθους
854 1769 973 1843 αέτέοι,
1010 1769 1068 1832 καὶ
1096 1760 1104 1769 “

60 1874 289 1958 συγκλείουσα
309 1872 357 1936 τά
381 1872 447 1959 πρό
469 1874 587 1946 έαυτῆς
611 1872 772 1951 ἅπαντα,
802 1877 819 1948 ἡ
845 1875 879 1937 ἐν
901 1875 1069 1958 ἀξιώματι

61 1982 120 2043 καὶ
145 1978 278 2065 διάρσει
304 1980 474 2056 σύνθεσις.
519 1979 609 2079 1ξδέρε
637 1981 697 2057 δὴ,
730 1979 779 2042 τά
804 1982 1069 2066 ἐμπεριεχόμενα

59 2089 138 2150 καθ’
164 2087 312 2162 ἐκαστὴν
347 2089 441 2152 ἰδέαν
472 2087 753 2170 ἐπισκεψόμεθα,
791 2095 961 2154 τοσοῦτον
992 2115 1069 2176 προ·

59 2195 229 2274 ειπόντες,
252 2195 306 2258 ότι
322 2199 390 2260 τῶν
405 2195 507 2260 πέντε
523 2196 643 2280 μορίοιν
659 2197 678 2257 ὁ
695 2197 869 2275 Καικίλιος
885 2196 921 2261 ἔν
935 2222 971 2260 τι
985 2221 1069 2285 παρ·

58 2305 193 2380 έλιπεν,
221 2307 261 2380 ὡς
287 2307 344 2368 καλ
366 2302 410 2368 τό
432 2304 544 2378 πάθος
570 2304 697 2384 ἀμέλει.
737 2304 828 2367 Ἀλλ’
845 2307 874 2366 el
893 2305 952 2390 μέν
973 2308 1012 2383 ὡς
1032 2305 1069 2371 έν

54 2437 94 2474 τι
118 2411 216 2475 ταῦτ’
240 2412 360 2495 ἄμφι),
389 2413 432 2476 τό
454 2434 493 2474 τε
517 2412 600 2493 όψος
624 2411 681 2473 καὶ
699 2410 744 2474 τό
763 2411 979 2489 παθητικόν,
1010 2415 1070 2477 καὶ

56 2521 171 2596 ἔδοξεν
189 2520 409 2603 αότῷπάντῃ
428 2520 655 2602 συνυπάρχειν
677 2541 716 2581 τε
736 2520 894 2594 ἀλλήλοις
915 2522 973 2580 καὶ
989 2543 1069 2605 συμ·

55 2627 265 2711 πεφυκέναι,
298 2627 543 2713 διαμαρτάνει·
582 2626 640 2689 καὶ
671 2626 735 2713 γάρ
767 2628 863 2702 πάθη
891 2628 974 2692 τινά
1004 2629 1070 2690 διε·

61 2740 181 2799 στότα
195 2736 298 2817 ὕψους
312 2737 370 2798 καὶ
382 2737 531 2801 ταπεινά
548 2738 750 2822 εὑρίσκεται,
773 2738 928 2823 καθάπερ
947 2737 1070 2816 οἶκτοι,

61 2845 184 2922 λύπαι,
206 2843 328 2929 φόβοι·
358 2847 417 2905 καὶ
436 2846 580 2929 ἔμπαλιν
600 2845 713 2910 πολλά
729 2844 793 2926 ὕψη
814 2846 897 2929 δίχα
914 2846 1070 2929 πάθους,

61 2955 103 3029 ὡς
118 2951 200 3040 πρός
219 2952 345 3039 μυρέοις
366 2953 482 3029 ἄλλοις
500 2953 557 3014 καὶ
572 2951 620 3015 τά
635 2952 712 3037 περὶ
728 2955 807 3028 τοὺς
826 2953 1000 3030 Ἀλωάδας
1017 2959 1069 3038 τῳ·

60 3069 184 3146 ποιητῇ
201 3060 545 3145 παρατετολμημένα·

138 3171 275 3234 Ὀσσαν
297 3169 348 3232 ἐπ’
369 3169 536 3253 Οὐλύμπῳ
559 3168 716 3252 μέμασαν
738 3171 859 3251 θεμεν·
888 3165 999 3253 αὐτάρ
1022 3168 1072 3232 ἐπ’

648 3336 653 3347 ,
708 3277 819 3359 Ὄσσῃ

147 3385 276 3458 Πήλιον
297 3385 553 3470 ε’ννοσίφυλλον,
573 3384 617 3451 ἐν’
638 3383 776 3472 οόρανός
797 3384 948 3469 άμβατδς
971 3384 1001 3449 εἴ
1026 3409 1034 3425 ·

64 3494 124 3555 καὶ
143 3490 188 3555 τό
207 3493 343 3568 τούτοις
366 3494 419 3557 ἔτι
440 3495 552 3576 μεῖζον
574 3493 832 3582 ἐπιφερόμενον,

149 3602 219 3664 Καὶ
237 3603 277 3665 νύ
298 3623 355 3687 κεν
377 3602 608 3678 ἐξετέλεσσαν.
972 3682 975 3689 Ι

63 3743 108 3760 ·-
131 3746 170 3756 -
191 3746 233 3757 -
272 3698 318 3775 Εἴ
334 3711 363 3771 δ’
378 3709 421 3771 αὖ
439 3710 545 3774 πάλιν
565 3712 598 3787 ἐξ
618 3710 696 3774 ὅλου
715 3710 757 3793 μὴ
780 3712 934 3795 ἐνόμισεν
956 3713 1072 3777 όΚαι·
1158 3709 1161 3719 ’

65 3818 173 3892 νίλιος
197 3816 240 3880 τδ
264 3819 411 3902 ἐμπαθὲς
434 3817 482 3880 τά
504 3819 570 3900 έψη
594 3819 679 3882 ποτὲ
701 3822 897 3896 συντελεῖν,
930 3823 987 3883 καὶ
1013 3818 1073 3882 διά

64 3925 160 3988 τοῦτ’
187 3928 250 4009 οὐχ
276 3928 425 4010 ἡγήσατο
451 3908 574 4011 μνήμης
599 3926 713 4002 ἄξιον,
744 3928 834 3992 πάνυ
853 3927 1073 4003 διηπάτηται.

66 4035 207 4118 Θαρῤὤν
226 4033 290 4119 γάρ
309 4034 536 4119 ἀφορισαέμην
557 4035 620 4110 άν,
650 4035 690 4107 ὡς
712 4035 808 4099 οὐδέν
826 4037 950 4115 οὕτως,
972 4038 1012 4110 ὡς
1030 4035 1073 4098 τό

65 4154 221 4227 γενναῖον
242 4144 374 4221 πάθος,
395 4145 481 4209 ἔνθα
494 4145 577 4230 χρὴ,
599 4144 823 4231 μεγαλήγορόν
841 4144 939 4223 ἐστι,
970 4146 1073 4227 ὥςπερ
