2610 4800
603 386 685 461 128

146 608 220 650 rum
233 606 356 663 rerum,
378 583 626 648 fundamentum
644 568 815 669 sapientia.
858 588 902 649 Ut
915 586 1011 651 enim
1027 589 1062 649 in
1076 588 1140 670 vilo,

148 696 197 756 sio
210 680 247 753 in
267 694 426 770 oratione,
450 694 532 755 nibil
544 703 593 755 est
606 694 781 771 difficilius,
806 715 915 778 quam,
939 698 1027 785 quid
1036 698 1141 771 decent,

146 801 281 874 videre3
316 802 442 882 πρέπον
468 802 634 884 appellant
656 803 720 862 hoe
745 800 885 879 Graeci,
920 826 984 865 nos
1006 806 1141 867 dicamur

149 929 226 971 sane
242 909 400 970 decorum,
421 910 469 970 De
488 930 554 990 quo
571 909 746 992 praeclare,
770 921 803 973 et
820 909 1142 997 multupruecipiuu-

148 1026 225 1092 tur,
256 1026 289 1077 et
318 1037 369 1077 res
401 1027 450 1076 est
476 1015 664 1098 cognitione
692 1015 905 1098 dignissimo·
931 1017 1045 1102 Hujus
1065 1020 1143 1103 igno·

147 1125 277 1186 ratione
293 1144 360 1184 non
384 1123 480 1185 modo
501 1123 534 1182 in
560 1123 648 1199 vita,
684 1125 740 1185 sed
759 1124 947 1211 saepissime
968 1102 1003 1187 et
1022 1127 1060 1187 in
1079 1148 1144 1210 poe·

147 1232 243 1293 motis
260 1240 291 1292 et
305 1231 338 1290 in
353 1231 500 1291 oratione
514 1239 680 1311 peccatur.
708 1233 769 1313 Est
781 1243 901 1307 nutem,
925 1233 1012 1314 quid
1026 1234 1143 1313 decent,

148 1338 341 1412 videndum,
366 1358 429 1396 non
447 1336 480 1395 in
500 1335 671 1399 sententiis
689 1337 813 1415 solum,
836 1336 1067 1437 sed'eliamsiin
1084 1362 1145 1405 ren

147 1445 208 1507 bis.
250 1447 321 1506 Non
332 1445 426 1507 enim
439 1446 545 1506 omnis
561 1448 712 1523 fortuna,
737 1468 802 1506 non
820 1446 924 1507 omnis
937 1447 1066 1529 honos,
1090 1472 1144 1511 non

149 1552 254 1616 omnis
274 1550 473 1632 auctoritas,
507 1576 571 1614 non
599 1555 704 1615 omnis
731 1566 838 1631 aetas,
869 1532 931 1616 nee
953 1578 1037 1633 vero
1060 1558 1144 1621 loen

148 1673 205 1725 aut
232 1673 360 1742 tempus
385 1669 441 1720 aut
464 1661 594 1751 auditor
621 1661 726 1722 omnis
750 1661 863 1723 eodem
890 1673 946 1729 aut
975 1666 1145 1728 verborum

147 1791 264 1853 genere
282 1768 471 1828 tractandus
488 1779 558 1845 est,
586 1779 642 1830 aut
663 1769 917 1844 sententiarum
952 1791 1145 1857 semperque

148 1877 182 1938 in
205 1877 294 1937 omni
313 1885 404 1959 parte
424 1856 601 1954 orationis,
631 1886 670 1936 ut
690 1875 795 1955 vitae,
825 1877 909 1960 quid
927 1877 1070 1957 deceat,
1103 1886 1145 1943 est

148 1985 439 2047 considerandum:
464 1984 553 2066 quod
576 1996 609 2047 et
626 1986 658 2044 in
675 2007 729 2062 re,
761 1986 800 2047 de
821 2007 886 2068 qua
905 1984 1040 2068 agitur,-
1063 1986 1145 2073 posi-

146 2101 218 2153 tum
242 2102 312 2170 est,
349 2102 382 2153 et
404 2093 437 2152 in
458 2092 605 2172 personis
626 2104 659 2153 et
681 2114 811 2169 eorum,
856 2092 914 2174 qui
937 2092 1086 2175 dieunt2
1117 2105 1143 2157 el

149 2222 283 2276 eorum,
319 2199 375 2279 qui
396 2199 543 2258 audiunt.
588 2202 701 2280 ltaque
723 2200 813 2260 hunc
833 2199 965 2278 locum,
997 2200 1143 2286 longeel

147 2308 212 2369 late
229 2316 415 2389 patentem,
438 2304 624 2390 philosophi
642 2307 748 2368 solent
762 2308 795 2368 in
814 2307 929 2369 officiis
949 2319 1095 2374 tractore
1107 2312 1143 2389 ²),

162 2445 511 2460 m

181 2510 207 2582 ¹)
236 2512 334 2565 Noster
351 2513 407 2582 ipse
425 2512 501 2565 huno
519 2511 629 2577 locum,
658 2521 794 2584 quatenus
812 2513 1015 2584 philosophiam
1031 2518 1141 2579 attinet,

234 2609 408 2659 tractandum
422 2609 549 2661 resumsit
561 2608 590 2658 in
605 2626 685 2681 opere
701 2626 749 2659 suo
766 2609 927 2674 clarissimo,
947 2612 1025 2681 quod
1039 2611 1074 2667 de
1089 2612 1143 2689 offi-

236 2703 463 2755 ciis-inscribitur
485 2702 560 2771 (libr.
580 2706 601 2755 l.
625 2719 648 2755 c.
670 2719 702 2770 27
724 2702 832 2774 seqq.)‚
863 2704 936 2757 unde
956 2722 1066 2775 pauca,
1094 2707 1143 2759 hue

232 2798 378 2862 facientia,
404 2797 581 2868 proferuntur.

284 2893 366 2946 «Hoc
386 2892 449 2944 loco
471 2893 627 2946 continetur
649 2891 694 2955 irl,
732 2892 807 2965 quod
829 2891 885 2944 diei
908 2892 994 2945 latine
1018 2890 1144 2948 decorior

234 2998 339 3062 potest3
362 3005 455 3056 graece
471 2989 543 3039 eninr
559 2992 664 3064 πρέπον
682 2988 789 3041 elicitur.
828 2988 916 3055 Hujus
931 2988 971 3041 vis
989 2998 1099 3054 coest,
1119 2996 1145 3040 ul

233 3080 268 3135 zib
286 3085 401 3136 honesto
419 3102 474 3135 non
492 3094 577 3155 queat
593 3084 716 3155 separari.
752 3083 821 3134 Nam
841 3067 868 3135 ot
886 3083 961 3155 quod
980 3084 1080 3149 decet,
1101 3084 1146 3135 ho·

232 3191 341 3233 nestum
356 3189 405 3243 est,
427 3190 454 3233 et
468 3181 542 3250 quod
557 3179 703 3232 honestum
717 3189 757 3230 ost
771 3179 859 3231 decet.
875 3208 907 3217 -
921 3208 953 3217 -
977 3180 1020 3230 De
1037 3181 1145 3240 decoro,

234 3276 310 3347 quod
329 3287 426 3345 poetae
444 3284 613 3345 sequuntur,
635 3275 689 3323 alio
707 3273 769 3324 loeo
787 3274 866 3343 plura
885 3274 940 3324 dici
957 3274 1058 3326 solent.
1095 3272 1148 3327 Sed

232 3378 292 3420 turn
307 3386 410 3420 servare
424 3368 510 3431 illud,
530 3367 606 3437 quod
621 3367 732 3431 deceat,
754 3368 884 3431 dicimus,
906 3387 991 3439 quum
1007 3369 1053 3433 id,
1074 3368 1149 3440 quod

235 3480 347 3533 qunque
362 3480 475 3532 persona
491 3462 602 3528 dignum
619 3473 673 3527 cst,
694 3473 722 3515 et
737 3463 768 3515 fit
783 3471 811 3514 et
826 3463 935 3515 dicinn.
973 3464 1031 3533 Ut,¹
1044 3464 1067 3515 si
1085 3466 1150 3519 Acu-

234 3573 283 3610 cus
306 3567 355 3609 aut
378 3558 465 3608 Minos
488 3557 609 3608 diceret:

346 3649 479 3712 Oderint,
507 3647 571 3701 dnm
588 3666 718 3705 metuont.
740 3680 771 3691 -
792 3681 823 3690 -
860 3652 917 3704 Ant

348 3776 379 3786 -
399 3776 431 3787 —-
450 3748 526 3798 notis
544 3747 670 3815 sepulcro
690 3748 747 3816 ipse
766 3756 806 3798 est
820 3765 943 3818 parens:

234 3836 394 3892 indecorum
411 3843 565 3903 videretur,
586 3842 678 3912 quod,
699 3860 744 3893 cos
761 3841 844 3894 luisse
858 3844 959 3909 justos,
980 3840 1152 3912 accepimus:

238 3941 267 3984 nt
282 3934 362 3985 Atreo
378 3936 502 4000 dicento,
523 3936 634 4005 plausus
653 3936 823 4002 excitantur3
846 3946 886 3988 est
903 3936 975 3988 enim
991 3936 1074 4002 dignu
1092 3956 1154 4009 per·

236 4043 303 4079 sono
322 4029 415 4080 oratio.
453 4030 508 4082 Sed
526 4037 640 4099 poetro,
661 4030 729 4100 quid
747 4048 887 4103 quemquo
905 4030 1017 4097 decen,
1039 4049 1074 4085 ox
1092 4052 1154 4106 per·
