2610 4800
723 374 828 507 a·

248 610 336 676 vidit
345 655 359 684 ,
380 611 572 695 reipublicae
589 609 742 672 reddidit.
763 642 807 658 ·-
819 635 869 658 ·—-
909 608 970 672 Cui
993 584 1165 675 'diuersum
1185 621 1247 694 oet,

250 741 353 802 quum
374 719 474 780 alium
497 720 662 802 rogaveris
682 739 748 781 non
769 727 960 801 exspectare
975 740 1174 803 responsum
1183 767 1199 805 ,ι
1222 730 1248 787 et

249 827 360 889 statim
378 824 558 911 subjicere:
590 831 712 890 Domus
731 829 790 891 tibi
807 825 939 889 deerat?
950 824 997 890 at
1008 830 1158 898 habebar.
1197 834 1257 903 Po,

249 937 555 1022 cuniaauperabat?
587 952 618 998 at
636 939 743 1019 egebas
763 937 801 1014 *).
844 935 941 1016 Quod
964 937 1097 1001 schema
1127 939 1249 1023 quidam

247 1054 314 1132 per
339 1046 582 1129 suggestionem
608 1057 731 1109 vocant
759 1046 814 1125 **).
865 1046 948 1109 Mire
973 1069 1053 1108 vero
1083 1047 1120 1108 in
1153 1046 1249 1109 causis

247 1155 337 1217 valet
353 1158 568 1238 praesumtio,
605 1177 690 1237 quae
710 1155 874 1236 πρόληψις
896 1154 1041 1232 dicitur,
1058 1224 1063 1233 ¹
1078 1177 1186 1238 quum
1207 1154 1250 1230 id,

249 1263 340 1347 quod
364 1256 463 1344 objici
492 1254 621 1346 potest,
656 1282 866 1346 occupamuu
912 1242 957 1324 'ld
981 1285 1090 1346 neque
1114 1264 1158 1326 in
1188 1262 1250 1326 aliie

248 1369 397 1455 partibus
417 1392 533 1454 parum
550 1381 621 1448 est,
653 1382 685 1433 et
703 1371 878 1455 praecipue
902 1371 1072 1455 prooemio
1090 1371 1250 1435 convenit.

228 1488 230 1492 ‘
244 1476 325 1556 Sed,
350 1487 548 1562 quamquam
561 1479 688 1564 generis
704 1481 832 1558 uniusf
844 1455 1118 1542 diversns‘tamen
1134 1480 1251 1565 specio

247 1583 356 1649 habet.
378 1619 420 1636 -·
439 1623 482 1636 —
523 1561 639 1651 Adf‘ert
660 1588 805 1671 aliquam
825 1589 923 1650 fidem
941 1589 1089 1651 veritatis
1111 1590 1147 1652 et
1166 1590 1251 1655 dati·

248 1697 326 1759 tatio
334 1741 349 1770 ,
372 1718 475 1780 quum
495 1680 687 1759 simulamus
709 1678 966 1780 quaereremus,
988 1696 1077 1758 unde
1094 1696 1252 1783 incipien-

248 1802 345 1883 dum,
379 1805 696 1884 ubi‘deuinen'dum‚
730 1805 812 1888 quid
830 1804 1039 1888 potissimum
1056 1805 1251 1884 dicendum,

248 1931 290 1972 on
312 1913 448 1974 omnino
468 1913 648 1976 dicendum
672 1912 725 1975 sit.
768 1909 959 1996 Cujusmodi
983 1912 1141 1996 exemplis
1164 1894 1253 1999 plenu¹

247 2027 327 2078 sunt
342 2020 472 2098 omnia3
496 2023 672 2083 sedunum
690 2021 823 2083 interim
839 2021 975 2082 sufficit:
990 2021 1053 2100 ***)
1082 2022 1252 2110 Equidem,

246 2128 336 2214 quod
362 2129 407 2190 ad
438 2152 486 2191 me
517 2134 646 2203 attinet,
677 2153 740 2218 quo
765 2153 813 2192 me
840 2145 961 2221 vertam
986 2136 1102 2193 nescio.
1148 2114 1254 2216 Negat

237 2235 345 2319 fuisse
358 2235 521 2318 infamiam
529 2237 651 2323 judieii
664 2241 806 2324 corrupti
814 2241 829 2300 i
844 2250 906 2301 eto.
923 2238 1003 2318 ΜΓ)
1034 2239 1062 2300 Α
1081 2262 1150 2322 quo
1165 2241 1254 2305 sohe-

247 2352 334 2413 mote
355 2365 421 2404 non
445 2346 560 2427 procul
586 2348 677 2410 abest
698 2347 776 2425 itta,
821 2369 905 2431 quae
931 2346 1057 2410 dieitur
1081 2349 1255 2412 eommuni-

249 2452 359 2526 catio,
394 2474 496 2536 quum
521 2462 577 2533 emit
602 2454 689 2538 ipsos
711 2455 1187 2535 -adversnrioeconsulimus,
1222 2465 1256 2520 ut

247 2559 411 2621 Domitius
439 2563 516 2622 Afer
537 2584 597 2644 pro
616 2562 809 2624 Cloantilia:
852 2563 896 2624 At
915 2541 972 2623 itta
994 2565 1092 2625 nescit
1112 2564 1258 2646 trepida,

249 2668 330 2751 quid
340 2670 433 2729 liceat
441 2670 605 2752 feminae,
627 2672 708 2757 quid
722 2676 880 2754 conjugem
900 2669 1009 2732 deceat
1017 2697 1030 2742 ,·
1044 2671 1133 2755 forte
1148 2694 1210 2734 uos
1227 2672 1276 2733 in-

249 2775 308 2836 itta
325 2776 497 2838 solitudine
520 2758 627 2840 obvios
647 2770 736 2843 easus
753 2783 886 2842 miserae
904 2781 1032 2842 mulieri
1045 2781 1166 2867 obtulit.
1205 2782 1258 2873 'st

239 2887 369 2972 frater,
390 2907 450 2948 uos
470 2890 598 2971 paterni
619 2892 737 2964 amici,
758 2891 847 2976 quod
866 2893 1032 2954 consilium
1050 2889 1163 2950 datis?
1194 2890 1258 2979 Aut

251 3010 328 3057 cum
354 2992 518 3077 judicibus
547 2997 638 3079 quasi
658 2996 895 3076 deliberamus,
929 2999 1018 3079 quod
1035 3007 1084 3061 est
1100 2998 1258 3081 frequen-

251 3102 432 3164 tissimum:
457 3105 546 3192 Quid
559 3105 721 3168 suadetis?
742 3115 794 3185 et,
822 3107 853 3169 V
853 3127 887 3166 os
901 3107 1058 3186 interrogo
1060 3152 1073 3180 ,
1096 3106 1178 3192 quid
1190 3120 1260 3169 ton·

252 3209 325 3271 dem
338 3212 413 3291 fieri
431 3216 594 3298 oportuit?
614 3251 656 3264 -
678 3249 720 3263 -
761 3214 826 3276 Sed
846 3233 1095 3296 nonnumquam
1112 3236 1260 3277 commu·

255 3316 406 3382 nicantes
428 3320 555 3403 aliquid
565 3321 816 3406 inexpectatum
835 3318 1082 3404 subjungimus,
1116 3322 1209 3406 quod
1230 3328 1261 3386 et

255 3447 315 3510 per
343 3448 377 3488 se
401 3426 531 3488 schema
563 3440 631 3503 θεὶς
666 3439 704 3490 ut
726 3430 760 3492 in
783 3433 922 3498 Verrem
937 3430 973 3509 †)
997 3429 1131 3493 Cicero:
1175 3428 1263 3521 Quid

270 3587 612 3605 w

293 3669 319 3739 *)
345 3674 386 3728 cf.
409 3677 465 3735 cic.
481 3686 547 3730 orat.
564 3692 588 3731 e.
602 3678 647 3746 67,

239 3796 243 3804 ·
281 3762 321 3835 *')
344 3767 428 3822 Multi
441 3772 554 3841 legunt:
572 3772 777 3846 subjectionem.

267 3858 323 3932 m)
346 3862 415 3914 Alii:
439 3866 490 3918 sed
503 3887 588 3922 unum
602 3870 731 3941 sufficiet.

260 3954 329 4027 Μ’)
347 3957 403 4010 Cio.
422 3978 470 4029 pro
490 3963 600 4019 Cluent.
621 3981 644 4020 c.
667 3983 689 4021 ι.

296 4052 328 4123 ᾖ)
349 4054 370 4108 t.
388 4053 422 4109 V.
440 4069 464 4107 c.
484 4057 510 4109 5.
