2610 4800
601 452 687 529 351

101 706 105 741 ι
156 646 422 733 significationem
441 648 560 713 hebere
580 648 722 726 debebit,
744 656 802 709 aut
818 646 942 719 aditum
956 647 997 709 ud
1013 666 1145 709 nanuum

153 770 183 821 et
201 757 437 845 munitionem,
471 769 526 820 uut
546 757 710 841 quoddam
736 766 961 819 ornamentum
985 766 1018 817 et
1037 755 1145 835 digni-

148 874 258 931 tatem.
284 865 363 929 „Sed
379 874 527 949 oportet,
560 875 597 927 ut
617 864 750 926 aedibus
772 886 809 925 ac
833 863 961 946 templis
987 862 1144 923 vestibula

149 982 181 1037 ot
196 971 318 1048 aditus,
338 972 387 1035 tie
405 973 512 1035 causis
527 973 690 1055 principia
704 971 914 1057 proportione
931 992 1040 1031 rerum
1058 991 1145 1051 prae·

149 1100 282 1163 ponere.
325 1082 439 1163 itaque
459 1081 493 1141 iu
514 1082 622 1163 parvis
643 1090 743 1163 atque
760 1076 1023 1161 infrequentibus
1038 1077 1145 1138 caurio

151 1188 189 1251 rb
210 1188 280 1271 ipae
296 1210 333 1251 re
359 1199 408 1251 ert
426 1189 567 1249 exordiri
596 1210 690 1271 eaepe
708 1186 920 1249 commodius.
962 1186 1025 1247 Sed
1042 1206 1145 1267 quum

152 1294 212 1357 erit
230 1296 391 1357 utendum
414 1296 601 1380 principio,
624 1296 732 1378 (qaod
752 1295 943 1377 pierumque
960 1294 1060 1369 erit),
1089 1300 1146 1353 aut

102 1458 104 1485 ÷
153 1422 190 1465 ex
209 1422 286 1479 reo,
325 1415 383 1465 eut
401 1424 439 1466 ex
458 1402 661 1479 advertar-io,
701 1410 758 1463 ant
786 1422 824 1463 ex
850 1422 905 1477 re,
944 1409 1056 1462 outex
1076 1399 1145 1479 eie,

155 1507 238 1593 rpud
258 1530 342 1593 quoe
371 1510 495 1594 agitur,
527 1511 707 1573 sententiar
731 1510 807 1571 duci
830 1509 954 1571 iicebit.
995 1510 1044 1570 Ex
1068 1530 1145 1587 reo,

157 1616 414 1701 (reorndpetlo,
437 1640 578 1701 quorum
596 1639 648 1679 reo
668 1623 755 1696 est),
788 1638 872 1700 quae
892 1616 1079 1699 significent
1097 1616 1148 1675 vi-

159 1742 225 1785 rum
237 1724 378 1802 bonum,
402 1747 485 1808 quoe
499 1726 677 1799 liberatem,
701 1747 785 1806 qnae
802 1723 1038 1799 calamitosum,
1062 1742 1147 1805 quoe

162 1828 374 1893 nberieordia
394 1830 547 1913 dignum,
569 1855 652 1914 quae
671 1833 802 1893 valeant
822 1839 934 1893 contra
954 1829 1069 1890 soleam
1089 1827 1149 1891 cri·

163 1938 376 2001 minutionem.
417 1940 466 2001 Ex
479 1940 678 2015 adversario,
703 1938 817 2000 iisdem
835 1960 874 1999 ex
889 1938 972 1999 tocie
988 1938 1057 1999 fere
1074 1957 1150 1998 con·

164 2046 261 2108 traria.
303 2046 353 2107 Ex
379 2068 434 2124 re,
468 2048 496 2109 ri
522 2048 683 2125 erudelis,
716 2048 743 2108 ri
773 2045 922 2117 infanda,
966 2045 992 2105 ei
1020 2054 1153 2126 praeter

103 2222 107 2233 Ι
163 2152 362 2237 opinionem,
402 2154 430 2216 ri
457 2154 639 2232 immerito,
677 2155 704 2216 ei
725 2154 862 2233 misera,
895 2152 1087 2234 riingratu,
1122 2149 1150 2212 ui

103 2326 111 2343 Ι
161 2257 309 2345 indique,
338 2262 367 2323 ei
394 2283 499 2340 noro,
531 2264 576 2341 ri,
618 2285 701 2345 quae
729 2264 860 2325 restitui
884 2262 1058 2344 sanarique
1084 2280 1150 2320 nou

103 2430 112 2443 ,
160 2366 267 2449 pontit.
307 2368 358 2429 Ει
378 2368 418 2429 iia
436 2379 563 2444 autem,
584 2370 668 2453 apud
693 2392 775 2452 quoe
796 2381 929 2453 agetur,
952 2379 991 2431 ut
1008 2369 1153 2430 benevo-

103 2544 109 2555 .
157 2470 201 2535 la·
225 2476 381 2559 beneque
406 2478 628 2541 existimante·
665 2478 861 2551 efficiamus;
905 2477 995 2560 qaod
1026 2475 1150 2559 agendo

156 2580 293 2647 efficitur
320 2583 458 2663 melius,
494 2608 592 2669 quam
619 2586 771 2668 rogando.
814 2588 874 2646 Est
902 2585 933 2643 id
961 2584 1092 2666 quidem
1115 2583 1150 2644 iu

157 2700 254 2751 totum
275 2692 460 2754 orationem
480 2693 769 2770 confundendum,
802 2714 864 2753 neo
886 2692 1019 2752 minime
1040 2691 1072 2749 in
1095 2711 1153 2751 ex-

104 2850 106 2863 .
153 2806 311 2872 tremam
350 2800 408 2860 ond
436 2810 543 2862 tamen
575 2802 675 2862 multa
707 2799 868 2883 principia
899 2821 937 2860 ex
966 2820 1004 2860 eo
1033 2818 1152 2880 genere

150 2906 343 2991 ff'guuntur.
371 2908 452 2969 Nam
468 2918 502 2970 et
516 2918 690 2983 attentum,
708 2919 843 2970 monent
857 2902 985 2983 Graeci,
1010 2915 1046 2965 ut
1067 2906 1153 2988 prin·

151 3013 240 3098 cipio
259 3014 418 3077 faciamus
441 3014 582 3099 judicem
600 3029 632 3079 et
652 3016 810 3078 docilem:
847 3015 1018 3098 quae-sint
1034 3013 1150 3087 utilia3

150 3122 207 3184 ted
237 3142 308 3183 non
333 3122 490 3207 principii
516 3124 614 3205 magio
643 3122 793 3207 propria,
827 3146 926 3206 quam
950 3121 1154 3205 retiquarum

149 3229 313 3313 partium:
342 3229 489 3293 faciliora
509 3232 607 3294 etiarn
626 3230 658 3291 in
675 3230 855 3313 principiis,
881 3230 969 3314 qnod
985 3239 1018 3292 et
1035 3227 1153 3291 attenti

150 3348 221 3399 tum
245 3336 388 3398 maxime
408 3349 503 3413 eunt,
526 3360 624 3420 quum
646 3337 756 3398 omnia
776 3348 986 3420 exspectant,
1011 3346 1043 3398 et
1062 3334 1155 3397 doei-

150 3443 197 3507 le·
218 3444 327 3527 magis
348 3444 452 3506 initiis
472 3465 542 3506 erse
562 3457 709 3527 possunt„
753 3446 935 3506 illustriora
956 3443 1042 3507 enim
1064 3451 1153 3520 sunt,

151 3573 238 3634 quoe
261 3552 296 3614 in
316 3552 492 3635 principiis
502 3598 512 3629 ‚
549 3576 646 3635 quam
666 3576 748 3635 quae
772 3553 804 3613 in
832 3553 947 3614 mediis
973 3551 1079 3613 causis
1105 3550 1156 3611 di-

152 3658 298 3737 cuntur,
321 3668 380 3721 out
398 3660 575 3743 arguendo,
598 3670 655 3719 aut
671 3660 858 3721 refellendo.
891 3660 1027 3720 Maxima
1047 3667 1157 3719 autern

153 3770 250 3855 eopia
273 3768 512 3853 principiorum
533 3770 573 3830 ad
592 3767 732 3851 judicem
754 3732 1066 3843 ant⁰alliciendum,
1101 3772 1158 3826 aut

156 3876 364 3943 incitandum
384 3897 423 3939 ex
444 3877 484 3937 iio
506 3877 589 3938 loeis
609 3877 772 3951 trabitur,
807 3876 865 3957 q'ui
890 3875 938 3939 ad.
955 3884 1065 3935 motus
1083 3868 1160 3932 'ani-

158 4006 286 4048 morum
311 3983 536 4049 conficiendos
566 3984 698 4045 inerunt
728 3983 761 4044 in
790 4005 901 4044 causa:
943 4003 1027 4063 quot
1051 3992 1158 4043 tamen

160 4102 246 4161 toton
260 4092 297 4155 in
313 4092 482 4175 principio
497 4091 652 4177 explicari
671 4113 737 4152 non
755 4090 931 4175 oportebit,
954 4088 1012 4152 sed
1032 4098 1161 4149 tautum
