2610 4800
592 394 677 473 555

107 646 110 669 .
152 596 402 687 quaestionibus:
434 603 491 657 aut
504 594 680 679 profuisset
696 610 876 678 exponere,-
899 595 1066 679 quomodo=
1079 596 1131 659 in·

107 770 109 775 .
149 708 237 772 ticlias
257 706 373 769 Miloni
390 704 523 767 lecisset
543 702 694 777 Clodius,
718 704 744 763 si
761 720 871 781 reum,
894 705 950 787 qui
972 727 988 766 a
1012 727 1047 767 se
1070 704 1131 765 ho-

107 792 110 829 :
149 816 262 879 minem
287 813 435 877 occisum
460 813 640 887 fateretur,
673 811 804 873 defendi
828 812 962 874 omnino
985 817 1033 874 fas
1065 835 1132 875 non

147 925 275 997 fnisset:
298 930 356 981 aut
371 920 398 981 si
415 917 475 1001 jam
494 916 694 1002 praejudicio
711 930 842 981 senatus
859 921 1029 983 damnatus
1047 932 1134 985 essct

147 1030 241 1105 Milo:
264 1039 339 1092 'ant
365 1029 392 1089 si
422 1030 480 1091 Cn.
505 1025 700 1110 Pompeius,
742 1026 798 1109 qui
833 1037 965 1109 propter
989 1030 1133 1110 aliquam

148 1137 274 1223 qratiam
289 1134 450 1220 judicium
467 1135 624 1198 militibus
638 1136 768 1197 armatis
786 1135 956 1209 clauserat,
978 1146 1135 1219 tanquam

107 1310 109 1331 Ι
150 1243 296 1307 adres-sus
318 1243 347 1306 ei
364 1242 544 1305 timeretur.
586 1243 673 1324 Ergo
694 1242 751 1303 hae
772 1264 904 1324 quoque
925 1244 1135 1324 quaestiones

150 1352 209 1413 rim
224 1351 384 1435 prooemii
405 1351 595 1429 obtineant,
631 1372 732 1434 quum
752 1371 863 1412 omnes
884 1348 1028 1434 judicem
1042 1373 1138 1434 prae.

153 1460 313 1545 parent').
352 1463 469 1537 (na.)
492 1494 533 1505 -

161 1602 168 1629 ι
205 1566 308 1645 Sunt,
346 1566 405 1649 qui
431 1563 611 1628 narrationi
639 1566 887 1651 propositionem
917 1563 1136 1649 subjungant,

156 1680 299 1757 tanquam
315 1682 440 1756 partem
458 1670 620 1753 judicialis
640 1671 809 1733 materiae:
845 1672 899 1735 cui
919 1674 1066 1756 opinioni
1086 1696 1138 1736 re-

141 1780 345 1863 'spondimus
384 1778 464 1841 Mihi
480 1789 586 1842 autem
600 1782 778 1864 propositio
793 1779 922 1842 videtur
937 1781 1040 1841 omnis
1056 1804 1138 1843 con·
1228 1810 1232 1816 ·
1279 1826 1284 1841 .

161 1886 338 1950 firmationis
364 1886 512 1949 initium:
552 1887 638 1970 quod
669 1910 733 1948 non
758 1888 907 1949 modain
936 1889 1137 1951 ostendenda

162 1997 338 2077 quaestione
356 1994 549 2079 principali,
574 1994 629 2055 sed
647 2016 883 2077 nonnunquam
904 1995 1001 2059 etiam
1019 1997 1050 2056 in
1068 1999 1138 2058 siu·

162 2103 230 2183 gulis
251 2102 448 2186 argumentis
471 2102 549 2185 poni
568 2101 668 2178 solet,
692 2104 894 2186 maximeque
913 2104 945 2164 in
967 2104 1029 2182 his,
1054 2125 1138 2188 quae

163 2208 392 2297 inexaminatam
415 2223 584 2272 vocantur.
626 2211 689 2273 Sed
718 2233 806 2273 nune
832 2212 871 2274 de
896 2212 1003 2296 priore
1027 2212 1139 2296 loqui-

161 2337 230 2381 mur.
280 2320 328 2379 Ea
353 2339 419 2379 non
449 2339 576 2400 semper
601 2318 649 2380 uti
682 2338 815 2380 necesse
842 2330 901 2381 est.
952 2320 1138 2401 Aliquando

160 2426 234 2488 s'nim
260 2426 332 2489 sine
360 2423 582 2509 propositione
611 2425 719 2509 aliqua
745 2448 878 2510 quoqne
904 2427 982 2489 satis
1005 2431 1142 2490 manife-

160 2543 236 2598 ttum
258 2543 332 2611 est,
365 2533 445 2616 quid
474 2533 506 2592 in
531 2533 723 2616 quaestione
747 2544 912 2596 versetur:
945 2534 1081 2618 utique,
1113 2535 1142 2600 si

159 2642 296 2705 narratio
314 2641 359 2703 ibi
376 2641 473 2702 linem
494 2639 610 2719 habet,
634 2641 687 2702 uhi
710 2640 841 2702 initium
858 2642 1005 2725 quaestio
1016 2670 1025 2718 ;
1048 2645 1141 2722 adeo,

158 2762 188 2816 ut
211 2749 390 2833 aliquando
419 2747 634 2834 subjungatur
655 2747 870 2830 expositioni,
900 2772 982 2832 quae
1005 2751 1088 2812 solet
1107 2752 1141 2812 in

157 2858 351 2942 argumentis
367 2878 436 2919 esse
458 2877 579 2917 summu
599 2856 769 2918 collectio:
814 2859 925 2930 Haec,
947 2849 1145 2944 sicut'cxpo-
1255 2896 1258 2900 -

156 2969 223 3042 sui,
244 2970 290 3029 ita
304 2979 387 3047 gesta
406 2978 499 3036 sunt,
522 2964 666 3045 judicem
703 2965 874 3027 insidiator
893 2982 1053 3042 superatas
1064 3012 1078 3042 ,
1107 2957 1147 3030 vi

107 3072 109 3079 ’
155 3079 238 3138 uicta
257 3075 309 3136 aris
321 3116 333 3145 ,
375 3075 431 3135 nel
445 3075 551 3158 potius
571 3094 719 3158 oppressa
738 3076 852 3134 virtute
874 3074 1010 3135 audacia
1031 3090 1076 3137 est
1090 3077 1145 3152 **).

154 3184 214 3246 sed
232 3201 470 3262 nonnunquam
490 3180 583 3241 valde
602 3181 693 3241 utilis
715 3191 782 3255 est;
806 3181 997 3266 praecipue,
1019 3184 1074 3244 ubi
1094 3205 1145 3246 res

156 3288 285 3354 defendi
308 3308 372 3349 non
388 3296 513 3370 potest,
547 3287 586 3350 de
606 3289 671 3350 line
696 3290 883 3371 quaeritur:
916 3302 973 3368 ut,
1007 3314 1066 3373 pro
1086 3314 1144 3367 eo,

157 3399 211 3483 qui
225 3396 399 3483 pecuniam
419 3397 576 3480 privatam
595 3397 634 3458 de
653 3398 773 3480 templo
791 3398 939 3461 sustulit:
982 3401 1148 3480 Sacrilegir'

157 3509 277 3589 agitur,
308 3504 349 3565 de
368 3507 531 3586 sacrilegio
552 3508 758 3585 cognoscitis:
790 3517 827 3567 ut
848 3503 945 3589 judex
965 3506 1145 3589 intelligat,

158 3611 189 3674 id
208 3634 312 3673 unum
329 3633 399 3674 esse
416 3612 511 3674 officii
531 3613 598 3688 sui,
623 3632 795 3694 quaerere:
838 3616 889 3673 An
908 3613 964 3686 id,
986 3614 1074 3700 quod
1091 3616 1148 3676 ob-

155 3722 278 3799 jicitur,
298 3721 494 3800 sacrilegium
513 3722 577 3782 sit?
618 3721 699 3780 Item
714 3720 746 3780 in
767 3719 872 3781 causis
890 3721 1059 3798 obscuris,
1091 3732 1148 3782 aut

107 3914 109 3919 Ι
160 3826 415 3911 multiplicibus:
440 3848 500 3888 neo
523 3847 651 3911 semper
669 3838 804 3911 propter
820 3826 1025 3905 hocsolnm‚
1047 3840 1085 3892 ut
1104 3829 1147 3893 sit

107 4090 110 4149 t
190 4073 216 4145 ')
238 4076 281 4128 De
291 4082 390 4127 narrat
404 4072 439 4126 cl.
455 4074 567 4126 Aristar.
587 4062 664 4126 abes
679 4071 700 4128 1.
715 4070 768 4128 111.
786 4088 809 4127 c.
827 4075 866 4128 ιὰ

115 4202 119 4215 ·
184 4162 230 4238 ‘'‘l
249 4171 337 4223 Cicer.
351 4187 400 4243 pro
414 4168 509 4220 Milon.
525 4182 548 4218 c.
568 4182 607 4219 tr.
