2610 4800
610 508 689 584 48¹

154 710 275 773 saeculi
297 709 464 792 squalore,
497 716 567 768 tum
593 717 705 769 noster
729 707 784 771 hic
807 707 916 770 cultus
941 708 1061 770 clarius
1081 710 1149 774 eni·

153 823 277 895 tescet)
300 826 332 878 et
352 835 454 876 novos
466 858 476 891 ,
500 813 619 896 quibus
641 823 674 874 et
698 797 777 898 ipsis
799 815 901 877 multa
921 816 1025 876 virtus
1045 817 1148 880 udest.

152 928 263 1007 Neque
287 923 373 984 euim
393 942 452 982 nos
480 920 643 981 tarditatis
670 932 789 983 nutura
810 921 994 1001 damnavit,
1025 924 1081 986 sed
1103 925 1150 987 di·

157 1032 249 1094 cendi
268 1028 463 1091 mutavimus
485 1050 609 1111 genus,
641 1039 674 1091 et
692 1029 779 1091 ultro
799 1031 910 1106 uobis,
945 1053 1043 1114 quarn
1060 1053 1151 1116 opor·

152 1110 261 1217 tebet,
284 1137 495 1198 indulsimus:
520 1138 564 1198 ita
587 1145 735 1197 nontam
756 1136 887 1219 ingenio
910 1137 1041 1199 illinus
1058 1160 1150 1222 supe·

152 1257 286 1322 rerunt,
309 1267 406 1328 quam
428 1243 607 1328 proposito.
649 1243 753 1306 Multa
778 1265 853 1327 ergo
877 1243 992 1306 licebit
1017 1246 1149 1329 eligere:

152 1353 212 1414 sed
233 1352 417 1414 'curandum
442 1352 522 1426 erit,
564 1372 605 1411 ne
629 1349 690 1429 iis,
723 1349 842 1433 quibus
867 1351 1025 1433 permixta
1052 1362 1149 1430 sunt,

152 1459 379 1542 inquinentur.
417 1457 588 1537 Quosdam
614 1478 690 1521 vero
722 1456 838 1532 etiam,
869 1479 950 1540 quos
972 1466 1059 1521 totos
1083 1459 1151 1519 imi·

151 1566 217 1629 tari
238 1575 406 1648 oporteat,
430 1574 462 1627 et
479 1565 580 1626 fuisse
601 1586 728 1651 nuper,
752 1574 785 1627 et
804 1585 892 1626 nuuc
912 1586 1000 1641 esse,
1035 1566 1150 1647 quidni

145 1673 297 1734 ‘libenter
325 1694 391 1733 nou
416 1664 636 1735 concesserim
662 1671 778 1750 modo',
812 1671 1046 1734 verumetiam
1071 1694 1151 1735 con-

153 1780 337 1842 tenderim?
357 1780 420 1842 Sed
435 1780 469 1858 ii,
486 1781 541 1863 qni
560 1780 638 1856 siut,
662 1801 727 1840 nou
746 1777 905 1862 cujusque
923 1789 984 1857 est,
1004 1802 1151 1863 pronun·

155 1888 255 1949 ciere·
295 1889 414 1948 Tutius
428 1888 516 1948 circa
535 1887 658 1970 priores
674 1886 726 1949 vel
746 1898 889 1959 erretur3
914 1887 1052 1970 ideoque
1066 1889 1150 1950 hauc

155 2016 316 2056 uovorum
352 1994 464 2055 distuli
503 1994 700 2071 lectionem,
745 2017 786 2056 ne
817 1995 957 2057 imitatio
991 1994 1150 2078 judicium

155 2103 376 2165 antecederet

584 2296 616 2376 ·5.
658 2299 708 2361 m.

156 2429 186 2501 c)
224 2425 270 2485 Dc
289 2420 488 2488 observanda
504 2426 537 2486 iu
555 2425 741 2487 erudiendis
760 2424 929 2509 discipulis
944 2415 1163 2511 ingeniorum¹

570 2533 747 2595 verietate.¹

479 2722 595 2789 Quintil.

238 2849 350 2911 Virtus
388 2849 605 2931 praeceptoris
641 2848 753 2910 haberi
788 2849 890 2924 solet,
943 2871 1003 2938 nec
1034 2851 1148 2913 imme·
1173 2884 1181 2901 ·-

154 2958 235 3032 rito,
270 2957 443 3038 diligenter
466 2957 498 3017 in
531 2956 590 3034 iis,
615 2977 708 3038 quos
735 2957 929 3019 erudiendos
952 2959 1147 3042 susceperit,

154 3074 269 3125 notare
304 3064 492 3125 discrimina
524 3065 745 3147 ingeniorum,
790 3074 843 3141 et,
882 3086 947 3146 quo
983 3086 1146 3148 quemque

154 3180 271 3231 nutura
297 3172 432 3233 manime
454 3173 558 3258 ferat,
589 3170 683 3233 scire.
725 3173 805 3234 Nam
829 3180 876 3233 cst
900 3172 933 3231 in
959 3173 1021 3234 hoc
1039 3172 1147 3234 iucre-

105 3340 115 3357 ,
153 3278 263 3340 ‹libilis
292 3280 449 3360 quaedam
478 3279 636 3355 varietas,
671 3301 732 3341 nec
763 3279 933 3361 pauciores
965 3279 1146 3341 animorum

151 3406 275 3470 paene,
315 3408 412 3467 quum
450 3408 642 3469 corporum,
681 3389 812 3448 formae.
868 3386 977 3466 Quod.
1004 3386 1145 3470 intelligi

152 3494 252 3554 etiam
281 3514 319 3553 ex
345 3492 424 3575 ipsis
453 3495 634 3555 oratoribus
662 3503 791 3578 potest,
827 3495 884 3576 qui
908 3503 1035 3555 tantum
1059 3494 1145 3556 inter
1164 3474 1182 3539 .'
1249 3512 1255 3523 '

151 3621 190 3661 se
210 3600 333 3661 distant
352 3622 468 3680 genere
488 3601 638 3677 dicendi,
662 3611 699 3662 ut
719 3621 813 3662 nemo
834 3600 878 3660 sit
896 3600 989 3663 alteri
1011 3593 1143 3663 similist

150 3708 302 3789 quamvis
339 3708 469 3790 plurimi
504 3731 538 3770 se
576 3710 615 3768 ml
647 3732 780 3786 eorum,
823 3730 904 3790 quos
940 3708 1143 3790 probabant,

150 3814 369 3876 imitationem
404 3816 655 3899 composuerint.
706 3815 793 3878 Utilc
826 3816 942 3877 deiude
977 3814 1144 3897 plerisque
1248 3829 1252 3835 ·

149 3920 260 3983 visum
280 3930 329 3983 est
349 3923 394 3983 itu
414 3945 576 4004 quemque
595 3921 784 3997 instituere,
806 3932 843 3981 ut
859 3920 989 4003 propria
1007 3932 1142 3983 naturae

149 4031 239 4093 hona
258 4030 407 4092 doctrina
427 4033 595 4107 foverent,
617 4041 649 4093 et
669 4028 702 4090 in
723 4029 756 4091 id
775 4028 978 4145 potissimum
995 4022 1151 4113 ingonia:
