2610 4800
526 296 698 381 .to⁷

150 492 214 561 ced
231 514 272 559 ox
285 492 417 557 diverso
433 490 582 559 ricinum
603 493 786 577 accipiturs
809 508 914 580 quom
932 497 1091 581 supplicio
1104 496 1165 561 ad·

151 600 333 667 finiendum
348 600 440 666 dicos
452 646 471 680 ,‚
484 622 584 686 quesn
596 602 829 688 supplicatione
843 600 978 684 dignum
996 603 1163 669 indicaris.

149 746 196 764 -
238 712 374 796 Magnae
393 711 559 774 veteribus
580 732 679 772 curae
697 711 782 787 tuit,
823 709 959 795 gratiam
984 709 1117 774 dicendi
1145 732 1171 776 o

149 820 287 905 peribas
316 819 492 883 contrariis
523 817 706 902 acquirere.
750 818 887 903 Gorgias
910 820 944 881 in
965 820 1028 883 hoc
1048 819 1165 881 immo·

151 926 274 1005 dicus,
312 928 464 1012 copiosus
491 928 610 1012 ntique
640 928 741 1011 prima
769 937 874 989 aetate
901 929 1061 989 Isocraten
1088 930 1163 992 fuit.

148 1036 343 1099 Delectatus
365 1047 415 1099 est
436 1036 534 1099 etiam
553 1036 603 1097 hia
622 1038 664 1097 M.
682 1035 823 1111 Tullius,
847 1058 959 1098 rerum
981 1045 1013 1099 et
1031 1038 1164 1100 modurn

128 1164 131 1169 ·
148 1141 304 1223 adhibuit
323 1164 388 1205 non
410 1144 555 1231 ingratae
577 1144 658 1223 (nisi
675 1143 768 1226 copia
784 1144 964 1224 redundet)
985 1142 1162 1227 voluptati,

150 1262 187 1315 et
208 1265 300 1327 rem,
322 1252 445 1335 alioqui
467 1253 592 1329 levem,
616 1252 857 1316 sententiarum
880 1253 1026 1336 pondere
1049 1253 1163 1336 imple·

148 1359 213 1422 vit.
255 1360 337 1421 Nam
356 1383 414 1444 per
435 1382 469 1422 se
490 1360 605 1445 frigida
625 1373 657 1424 et
678 1362 786 1423 inanis
807 1360 985 1424 adfectatio
1007 1383 1109 1444 quum
1127 1361 1161 1422 in

150 1488 248 1530 neres
269 1467 388 1531 incidit
410 1464 548 1542 senatis,
582 1471 693 1531 innata
709 1469 942 1544 videturesse,
970 1490 1036 1529 non
1053 1488 1164 1529 arces·

150 1577 228 1641 sita.
248 1570 289 1627 ὲ-
307 1613 347 1625 -
367 1613 410 1625 -
454 1572 706 1664 Contrnp'ositam
724 1585 854 1652 autern,
876 1578 950 1652 vel,
973 1587 1011 1638 ut
1028 1576 1162 1661 quidam

152 1694 301 1763 vocant,
339 1689 497 1748 contentio
528 1687 734 1764 (ἀντίθετον
756 1685 901 1764 dicitnr)
937 1707 1002 1747 non
1030 1706 1097 1745 uno
1125 1685 1162 1748 tit

155 1790 262 1883 nodo.
305 1794 385 1855 Nam
407 1804 459 1870 et,
491 1793 517 1855 si
538 1794 663 1877 singula
685 1794 823 1876 singulis
848 1806 1081 1877 opponuntur,
1107 1803 1162 1855 ut:

153 1902 247 1987 Vicit
278 1902 433 1985 pudorem
471 1903 594 1976 libido,
636 1905 777 1963 timorem
813 1903 972 1975 audacio,
1009 1903 1163 1963 rationem

152 2012 292 2076 amentia
309 2013 347 2089 Ἰ.
390 2013 431 2074 Et
451 2012 526 2073 bina
545 2011 648 2073 binis:
686 2013 758 2072 Non
775 2013 876 2072 nostri
896 2011 1036 2093 ingenii,
1065 2011 1164 2072 vestri

151 2121 276 2184 auxilii
303 2120 418 2193 est**).
461 2120 504 2180 Et
530 2121 713 2181 sententiae
739 2119 930 2181 sententiis:
975 2121 1165 2181 Dominctut·

147 2228 190 2303 ¹itt
207 2229 413 2290 concionibus
426 2274 438 2300 ,
454 2232 560 2311 jaceat
578 2231 611 2288 t'n
622 2228 756 2311 judiciis
773 2228 845 2304 m).
864 2262 962 2274 --
992 2227 1163 2289 Fitetiam
1214 2222 1221 2241 '

152 2347 299 2398 assumta
320 2335 373 2396 illa
394 2336 515 2418 figura,
546 2359 609 2418 qua
637 2338 733 2398 verba
758 2335 919 2397 declinata
944 2345 1163 2419 repetuntur,

154 2442 247 2527 qnod
275 2443 525 2526 ἀντιμεταβολὴ
554 2443 693 2506 dicitur:
736 2446 830 2516 Non,
863 2455 896 2504 ut
915 2443 1007 2504 edant
1021 2487 1034 2517 ,
1065 2445 1164 2518 vivo,

151 2550 234 2623 sed,
266 2563 300 2612 ut
316 2552 420 2612 vivom
429 2597 442 2625 ,
477 2551 547 2611 edo.
570 2587 612 2598 -
655 2550 821 2630 Quaedam
846 2552 1018 2613 verborum
1044 2551 1164 2632 figurae
1256 2578 1260 2585 ¹

151 2657 289 2742 paulum
307 2658 417 2739 figuris
434 2660 671 2721 sententiarum
689 2658 921 2735 declinantur,
944 2671 981 2720 ut
996 2659 1163 2722 dubitatio.

151 2801 197 2813 —
229 2766 309 2827 ltetn
329 2768 535 2827 correctionis
553 2765 664 2828 eadem
684 2769 767 2827 ratio
788 2780 846 2829 est.
870 2805 908 2817 ·-
953 2769 1039 2827 Haeo
1056 2767 1164 2838 omnia

155 2868 323 2956 eopioiius
354 2885 432 2936 sunt
467 2874 615 2949 executi,
652 2873 708 2955 qui
743 2896 807 2936 non
838 2884 875 2935 ut
903 2890 1026 2956 partem
1056 2875 1164 2956 operis

152 2991 445 3059 transcurrerunt,
479 2982 536 3043 sed
556 2982 685 3065 proprie
707 2982 806 3042 libros
827 2982 904 3043 huic
921 2982 1009 3062 operi
1033 2981 1165 3043 dedica-

152 3099 285 3152 verunt.
313 3124 357 3137 —
380 3126 423 3139 -
447 3125 489 3138 -
531 3090 600 3172 Ego
628 3089 709 3150 illud
736 3087 775 3151 de
804 3089 843 3148 iis
871 3089 1025 3173 (figuris)
1047 3090 1165 3166 etiam,

155 3218 336 3280 quaerere
360 3209 460 3274 sunt,
483 3197 633 3283 adjiciam
654 3199 815 3274 breviter,
848 3199 933 3260 sicut
954 3207 1073 3259 ornent
1091 3219 1166 3257 ora·

153 3306 281 3368 tionem
295 3321 479 3391 opportune
494 3310 631 3392 positae,
656 3309 699 3369 ita
717 3308 938 3391 ineptissimas
957 3329 1039 3384 esse,
1063 3328 1165 3390 quum

153 3413 330 3477 immodice
356 3427 510 3500 petantur
531 3416 620 3497 ω’),
662 3421 765 3494 Sunt,
798 3417 855 3501 qui
880 3416 1029 3501 neglecto
1053 3439 1164 3480 rerum

156 3586 524 3603 Μ

151 3698 154 3705 ·
191 3672 217 3744 'J
242 3675 294 3727 Pro
311 3673 423 3730 Cluent.
443 3693 466 3728 c.
484 3679 509 3754 δῖ

181 3767 222 3840 **)
245 3770 464 3824 proctamet.
485 3789 506 3824 ι.

161 3863 219 3942 Ψ)
244 3867 296 3918 Pro
314 3866 417 3918 Gtuent
433 3883 456 3919 c.
474 3885 500 3922 n.

152 3957 229 4030 saca)
250 3959 318 4014 Alii:
346 3974 452 4014 ornant
472 3989 502 4002 -
522 3971 705 4032 etpetuutur.
