2610 4800
525 428 611 511 stt

126 649 128 655 ·
151 632 185 687 tis
202 631 306 688 moveri
325 629 417 699 volet,
444 628 485 685 its
506 638 612 687 certum
625 629 700 685 vocis
722 629 1005 689 sdmorebitsonums
1032 620 1069 692 do

149 745 205 802 quo
222 727 303 800 piurs
316 724 495 790 dicerem,-si
512 725 565 779 hoc
581 725 769 798 praecipiendi
784 735 892 799 tempus
905 740 990 796 esset,
1018 739 1069 811 suq
1125 772 1134 779 .

150 823 226 877 ritu
248 821 303 876 hoc
323 837 482 894 qusereress
514 820 635 874 dicerem
659 822 740 875 etism
754 820 789 876 de
804 835 903 890 gestu,
930 841 994 878 cum
1011 843 1069 898 quo

148 917 262 987 iunctus
282 924 325 971 est
344 916 454 984 ruitus;
491 914 593 986 quibus
621 914 769 980 omnibus,
802 916 859 970 dici
887 919 932 972 rix
957 929 1067 992 potest,
1139 947 1147 958 ·

150 1021 287 1085 qustum
302 1010 427 1074 intersit,
454 1008 686 1081 quemadmodum
710 1019 806 1064 ututur
824 1022 923 1069 orator.
959 1013 1025 1066 Num
1040 1022 1070 1070 ct

150 1108 276 1180 infirmes
310 1106 428 1161 sctiouis
460 1104 593 1172 dignitate
625 1103 802 1175 eloquentiae
829 1124 912 1178 saepe
948 1107 1069 1161 fructum

149 1202 290 1256 tulerunt:
324 1207 354 1253 et
381 1198 482 1253 diserti
505 1198 680 1254 deformitate
708 1199 809 1266 agendi
839 1201 920 1255 multi
952 1202 1070 1259 inientes

148 1296 241 1370 putati
255 1302 335 1349 suuts
362 1302 393 1349 ut
411 1297 464 1362 jum
477 1311 534 1365 nou
548 1294 607 1347 sine
623 1280 706 1346 esuis
720 1293 921 1350 Demosthenes
943 1274 1072 1354 tribuerit

108 1434 113 1446 ,
148 1399 179 1445 et
197 1390 313 1463 primus,
340 1397 370 1444 et
385 1389 538 1453 secundos,
567 1396 596 1442 et
614 1391 707 1442 artior
729 1389 839 1442 artioni.
877 1392 906 1443 si
923 1393 996 1445 enim
1013 1394 1072 1448 slo-

148 1485 267 1559 quentis
279 1483 349 1539 nihil
366 1485 424 1538 sins
440 1483 511 1547 hue,
531 1482 601 1537 hsec
616 1493 709 1537 sutem
723 1485 781 1538 siue
796 1468 973 1557 eloquentis,
993 1498 1072 1543 tante

130 1582 209 1649 ''est3
236 1589 311 1635 certe
329 1580 477 1652 piurimum
493 1581 524 1633 in
540 1579 658 1633 dicendo
680 1589 778 1652 potest.
815 1581 899 1635 Volet
912 1583 995 1648 igitur
1009 1585 1069 1652 iiie,

150 1676 200 1749 qui
225 1674 606 1748 eloquentiae·priucipstum
633 1683 728 1746 petet,
766 1684 796 1729 et
824 1686 957 1732 consents
983 1696 1070 1746 voce,

151 1772 281 1827 moriter
294 1771 401 1827 diceres
421 1780 449 1825 et
458 1772 618 1847 summisse,
637 1770 751 1824 leniter:
770 1779 800 1824 et
815 1772 965 1840 inclinatu,
984 1776 1072 1830 videri

147 1867 309 1936 prenset
328 1865 446 1929 inflexu,
473 1865 641 1921 miserebiiis.
686 1866 755 1919 Mirr
778 1876 820 1921 est
838 1868 911 1921 enim
933 1870 1071 1941 quaedam

149 1962 364 2015 narurauociss
392 1961 615 2032 uniusquidem,
642 1961 762 2016 etribus
783 1965 895 2017 omuino
913 1965 1000 2029 sonis,
1028 1966 1072 2020 iu·
1140 1950 1148 1959 ⁹
1172 1994 1176 2002 ·

148 2055 237 2121 dexo,
258 2064 360 2131 scuto„
380 2056 468 2124 gravi,
487 2057 629 2119 tentarit,
656 2065 685 2110 et
702 2065 758 2110 tom
771 2057 863 2146 suasis
880 2059 996 2112 varietas
1009 2078 1072 2132 per·

149 2151 224 2207 iectu
237 2152 268 2204 in
284 2150 418 2205 cuntibus.
437 2176 469 2190 ·-
506 2152 568 2222 Ipsa
582 2149 693 2224 (enim)
707 2161 823 2217 ustura,
853 2154 931 2224 qussi
946 2154 1073 2208 module-

148 2256 227 2302 retur
245 2246 389 2300 hominum
408 2247 577 2311 orationem,
604 2246 634 2299 iu
650 2246 726 2299 omni
746 2246 830 2301 verbo
850 2249 941 2319 posuit
958 2259 1073 2304 scutum
1133 2311 1136 2315 ¹
1166 2266 1171 2282 ‘

149 2358 263 2409 vocem,
288 2357 341 2396 nec
362 2358 417 2395 una
433 2342 515 2413 pius,
541 2358 593 2397 nec
615 2359 631 2395 s
651 2351 788 2414 postrema
809 2341 917 2410 ryilibu
935 2344 1003 2398 citra
1018 2354 1073 2399 ter·

149 2441 232 2493 tium:
259 2456 316 2509 quo
341 2439 424 2506 magis
447 2448 572 2492 usturam
596 2438 696 2491 ducem
719 2438 754 2490 sd
774 2439 881 2493 sudum
902 2441 1074 2512 voluptatem
1106 2488 1116 2499 ,

149 2543 283 2606 sequatur
296 2533 436 2587 industris.
474 2535 513 2587 Ac
529 2535 604 2586 vocis
619 2533 732 2603 quidem
749 2532 867 2589 bonius
878 2536 999 2607 optando
1015 2547 1073 2606 est3

151 2646 208 2683 nou
222 2639 264 2683 est
275 2630 349 2682 euim
363 2630 391 2682 iu
408 2627 506 2695 nobis,
526 2627 574 2682 sed
589 2613 733 2690 transitio,
760 2637 927 2701 utquequsus
943 2630 973 2683 iu
985 2630 1075 2684 nobis.

152 2725 222 2794 Ergo
248 2724 297 2778 iile
319 2725 445 2797 princeps
470 2722 586 2778 verisbit
606 2731 643 2777 et·
658 2722 795 2788 mutebit,
832 2707 1075 2788 emnesxsonorum

151 2829 212 2877 tum
226 2820 389 2885 intendens,
409 2829 469 2874 tom
481 2821 641 2882 remittens,
662 2828 842 2891 persequetur
857 2820 969 2888 gradus:
988 2821 1077 2875 idem·

152 2935 210 2990 que
234 2925 311 2969 motu
331 2917 371 2971 sic
391 2924 503 2981 utetur,
531 2914 600 2968 nihil
618 2924 650 2967 ut
672 2915 789 2986 supersit
809 2915 944 2984 ingestu.
981 2917 1076 2970 Status

153 3021 262 3066 erectus
277 3020 308 3065 et
321 3011 427 3078 celsus;
449 3028 522 3064 rarus
536 3010 677 3074 incessus,
697 3027 750 3063 nec
763 3011 803 3064 irs
817 3010 929 3078 longus:
948 3012 1076 3065 excursio

153 3107 310 3170 moderata,
338 3123 427 3178 esque
446 3122 528 3161 rurus
555 3105 634 3171 uuila
656 3104 774 3159 mollitis
796 3106 954 3169 cervicum,
980 3107 1076 3161 nullae
1156 3113 1159 3116 ’

154 3202 276 3270 argutiae
300 3202 464 3269 digitorum,
497 3217 553 3254 nun
575 3200 774 3254 adnumerum
799 3199 932 3255 reticulos
958 3201 1077 3254 cudens:
1148 3214 1150 3219 '

154 3305 256 3352 trunco
270 3299 352 3366 magis
367 3305 425 3350 toto
442 3298 545 3368 seipse
559 3295 720 3361 modernus,
749 3303 778 3349 et
800 3295 872 3348 virili
889 3296 1006 3350 laterum
1028 3296 1079 3350 fle·

155 3394 257 3459 xione,
277 3392 387 3447 tractis·
400 3393 570 3465 projectione
580 3391 613 3445 in
627 3389 867 3455 contentionibus,
887 3392 1077 3446 contractione

156 3490 186 3544 in
198 3489 320 3543 remissis.
361 3490 458 3542 Vultus
474 3493 558 3550 reri),¹
584 3486 633 3557 qui
649 3485 802 3539 secundum
821 3502 915 3540 vocem
928 3486 1078 3556 plurimum

156 3594 265 3658 potest,
292 3593 425 3655 quantum
440 3585 517 3636 offert
531 3590 590 3634 tum
605 3581 782 3649 dignitatem,
810 3590 869 3633 tum
884 3579 1078 3644 venustatem?

156 3683 332 3754 inquorum
347 3681 484 3743 effeceris,
504 3662 609 3750 nequid
624 3678 767 3748 ineptum,
788 3686 838 3729 cut
853 3677 1013 3731 vultuosum
1028 3678 1077 3742 sit,

156 3785 218 3830 turn
239 3776 382 3828 oculorum
402 3773 603 3846 est'quaedam
626 3789 722 3839 magna
749 3772 910 3828 moderatio.
952 3771 1020 3824 Nom
1045 3778 1079 3824 ut

158 3888 244 3926 rusco
259 3880 300 3926 est
314 3872 414 3930 animi,
433 3870 544 3924 vultus:
562 3868 600 3922 sic
617 3867 831 3931 indicesocuii,
857 3885 975 3940 quorum
990 3876 1020 3921 et
1036 3866 1080 3919 hi·

136 4016 141 4031 .,
157 3965 291 4031 irritatis,
316 3976 346 4020 et
359 3966 476 4020 vicissim
491 3963 618 4019 tristitiae
631 3963 743 4016 modum
756 3962 907 4036 resipere,
925 3962 961 4018 de
977 3951 1079 4036 quibus

158 4071 271 4130 sqetur,
292 4059 494 4134 tempersbunt.
