2610 4800
588 646 625 742 §j
656 666 704 728 15.

347 847 349 851 ¹
389 772 444 840 'Dc
466 787 556 840 recta
580 775 751 836 nominum
774 777 930 857 rationes

971 856 974 873 5
1051 843 1058 867 t

241 896 243 903 ‘
314 918 404 973 asaro.
439 919 493 990 (in
513 911 621 986 τηεμ.
640 937 667 990 p.
686 921 738 973 230
757 936 832 1003 seqq.
854 908 897 973 'ea
915 919 991 992 rap.)

208 1048 319 1111 Herm.
362 1047 535 1129 Κρατύλος
554 1045 658 1129 φησιν
678 1026 800 1119 raus
819 1022 1008 1130 Σώκρατες’,
1032 1048 1162 1130 asopo.-

146 1178 206 1231 τος
235 1132 409 1240 ὀρθότητά
436 1152 523 1218 εἶναι
549 1154 680 1236 ἑκάστῳ
704 1156 772 1215 τῶν
797 1152 902 1219 ὄντων
925 1155 1030 1234 φύσει
1048 1152 1164 1242 crepo·

146 1288 501 1313 ...ἠ-...ω-

235 1380 319 1436 ceps,
351 1380 447 1435 parens
469 1378 577 1426 rerum,
611 1359 815 1433 fabricatorque
840 1360 945 1414 mundi,
963 1363 1043 1416 nullo
1070 1367 1161 1435 magis

177 1502 180 1507 .
232 1458 372 1512 hominem
387 1457 521 1528 separavit
536 1475 553 1508 a
568 1456 675 1521 ceteris,
696 1475 767 1528 quae
783 1458 895 1529 quidem
910 1458 1036 1512 mortalia
1049 1444 1160 1527 essent,

232 1553 406 1618 animalibus,
427 1566 507 1624 quam
524 1550 637 1608 dicendi
651 1551 792 1614 facultate.
829 1553 898 1605 Nam
913 1569 1024 1625 corpora
1038 1554 1161 1626 quidem

168 1706 171 1713 ,
231 1649 441 1720 magnitudine,
473 1646 591 1712 uiribus,
627 1648 773 1712 firmitate,
814 1648 965 1721 patientia,
1002 1649 1161 1705 velocitate

234 1744 431 1819 praestantiora
449 1742 478 1794 in
496 1742 551 1794 illis
569 1743 650 1794 mutis
670 1744 809 1796 videmus:
836 1744 932 1796 eadem
949 1745 1047 1799 ¹miuus
1074 1756 1160 1813 egere

234 1841 387 1914 acquisitae
406 1837 574 1891 extrinsecus
592 1839 660 1908 opis,
695 1837 764 1889 Nam
783 1839 886 1906 ingredi
906 1839 1001 1902 citius,
1022 1847 1051 1891 et
1065 1842 1158 1910 pasci,

236 1944 265 1988 et
288 1944 396 1987 tranare
422 1942 524 2004 aquas,
559 1935 627 1988 citra
652 1935 816 1998 ducentem,
850 1945 947 1987 natura
971 1936 1030 2006 ipsa
1051 1937 1158 1991 sciunt.

235 2030 272 2084 Et
294 2029 426 2102 pleraque
452 2035 547 2082 contra
571 2030 653 2097 frigus
673 2047 706 2082 ea
726 2046 775 2080 suo
795 2047 905 2099 corpore
923 2031 1098 2094 vestiuntur,
1131 2043 1160 2086 et

234 2135 309 2179 ar'ma
333 2116 382 2177 'his
406 2125 527 2192 ingenita
552 2125 706 2196 quaedam,
741 2134 769 2176 et
792 2143 828 2193 ex
853 2124 934 2177 obvio
962 2126 1019 2178 sere
1046 2126 1157 2180 victus:

236 2222 310 2274 circa
335 2210 407 2291 quae
438 2207 528 2272 omnia
558 2220 663 2271 multus
692 2219 847 2272 hominibus
873 2219 957 2297 labor.
1008 2221 1158 2274 Rationem

235 2316 319 2391 igitur
337 2302 512 2387 praecipuam
530 2298 624 2379 dedit,
646 2310 760 2386 ejusque
774 2290 823 2372 rios
838 2317 924 2369 socios
942 2333 999 2370 esse
1018 2317 1157 2370 rum-diis

233 2411 433 2465 immortalibus
452 2412 548 2466 voluit.
585 2410 640 2463 Sed
658 2411 715 2481 ipsa
732 2412 801 2463 ratio
819 2429 911 2483 neque
930 2422 985 2464 tarn
1003 2428 1053 2463 nos
1072 2413 1157 2479 ‚jura-

233 2515 294 2572 ret,
314 2523 406 2579 neque
424 2517 480 2561 tam
499 2516 571 2560 esset
587 2507 617 2557 in
635 2505 713 2558 nobis
730 2507 888 2570 manifesta,
908 2507 973 2570 nisi,
994 2498 1067 2578 quae
1087 2525 1156 2561 eon-

199 2668 204 2677 ,
233 2603 402 2674 cupissemus
427 2584 535 2668 mente,
570 2620 692 2672 promere
718 2604 801 2664 etiam
827 2601 967 2674 loquendo
995 2620 1154 2672 possemus:

234 2698 311 2770 quod
329 2679 412 2765 magis
431 2698 525 2750 deesse
545 2698 642 2750 ceteris
653 2690 840 2762 animalibus,
859 2716 957 2771 ⁴quam
974 2696 1156 2752 intellectum

234 2802 268 2846 et·
288 2793 481 2862 cogitationem
502 2793 639 2864 quandam
657 2792 787 2848 ridemus.
830 2793 898 2846 Nam
918 2802 946 2846 et
964 2793 1052 2844 moliri
1073 2794 1156 2846 cubi-

232 2888 288 2953 lia,
321 2897 350 2942 et
367 2889 446 2940 nidos
464 2896 575 2951 texere,
603 2898 630 2941 et
649 2880 767 2943 educare
785 2889 894 2952 foetus,
929 2897 957 2938 et
982 2884 1153 2952 excludere,-

233 2984 303 3056 quin
321 2985 404 3037 etiam
423 3001 552 3054 reponere
570 2985 599 3036 in
617 2982 733 3038 hiemem
753 2984 900 3046 alimenta,
921 2998 1001 3053 opera
1013 2985 1155 3054 quaedam

231 3079 312 3132 nobis
324 3078 508 3144 inimitabilia,
529 3081 622 3152 qualia
640 3090 706 3134 sunt
725 3095 847 3130 cerarum
867 3086 895 3128 et
912 3078 1011 3142 mellis,
1033 3078 1152 3146 efficere,

231 3162 395 3229 nonnullius
412 3175 524 3247 sortasse
542 3177 654 3229 rationis
674 3184 729 3226 est:
757 3171 806 3224 sed
827 3157 998 3242 qrria'carcnt
1011 3193 1154 3239 sermone,

232 3286 306 3342 quae
323 3269 353 3321 id
371 3271 493 3337 faciunt,
512 3281 590 3325 muta
605 3280 690 3338 atque
705 3256 900 3320 irrationabilia
916 3278 1055 3324 vocantur.
1094 3272 1154 3324 De¹¹

229 3365 317 3436 nique
335 3361 476 3430 homines,
497 3365 599 3437 quibus
617 3371 715 3430 negata
733 3379 785 3416 vox
805 3365 1049 3435 est,r.quantulum
1069 3365 1153 3435 adju-

164 3440 168 3447 .
232 3470 280 3514 vat
298 3457 404 3510 animus
422 3432 470 3512 illis
490 3455 637 3512 coelestis?
674 3457 764 3529 Quare
789 3450 811 3509 si
833 3451 902 3531 nihil
921 3479 936 3510 a
955 3452 1006 3511 diis
1026 3461 1153 3515 oratione

232 3554 331 3607 melius
351 3554 523 3625 acecpimus,
544 3552 612 3623 quid
630 3560 685 3604 tatu
705 3553 815 3620 dignum
834 3555 912 3607 cultu
932 3573 964 3607 ac
983 3554 1077 3607 laboro
1097 3557 1152 3608 du·-

234 3649 348 3702 camus?
373 3660 422 3702 aut
440 3651 469 3700 in
487 3666 543 3719 quo
561 3647 687 3699 malimus
705 3658 840 3718 praestare
858 3649 1032 3713 hominibus,
1064 3656 1163 3722 quaru'

234 3754 290 3814 quo
307 3743 359 3814 ipsi
377 3744 500 3799 homines
520 3744 616 3797 ceteris
635 3742 797 3797 animalibus
822 3744 983 3816 praestant?
1017 3745 1058 3817 ¹Eo
1085 3746 1152 3816 qui-—

186 3874 191 3889 ,
234 3835 298 3890 dem
315 3841 415 3908 magis,
449 3840 524 3912 quod
548 3840 627 3892 nulla
650 3841 680 3892 iu
704 3846 782 3912 parte
807 3840 915 3910 plenius
940 3840 1018 3891 labor
1035 3839 1151 3906 gratiam

233 3931 324 3985 refert
360 3936 393 3987 111
412 3935 482 3986 adeo
501 3935 673 3988 manifestum
692 3935 761 3999 erit,
789 3935 810 3986 si
830 3924 1050 4002 cogitaverimus,
1071 3937 1151 3989 unde

194 4052 198 4063 ¹
236 4034 265 4080 et
282 4045 430 4102 quousque
446 4031 500 4097 jam
520 4034 647 4100 provecta
667 4031 704 4083 sit
722 4028 818 4101 arandi
839 4029 965 4085 facultas.
1001 4031 1036 4082 Et
1054 4028 1150 4083 udlrnc'

183 4162 186 4169 -
233 4116 327 4191 sugeri
339 4131 462 4194 potesta
488 4121 600 4195 (Quint.
618 4126 686 4181 lost.
701 4133 767 4177 orat.
781 4124 801 4176 l.
816 4127 854 4180 11.
872 4139 896 4177 c.
914 4126 952 4177 16.
968 4126 990 4191 t.
1008 4132 1037 4178 ra
1051 4124 1150 4196 seqq.)
