2610 4800
621 257 707 339 382

164 478 229 528 neo
241 450 373 528 tantum
386 458 650 546 requirentibus,
683 459 740 524 sed
764 459 863 527 etiam
883 469 1001 545 sponte
1015 456 1192 539 iuterim

164 545 227 636 iiec
258 549 486 655 vigilantibus,
529 569 708 632 sedetiam
735 568 846 653 quiete
876 567 1078 651 compositis.
1114 570 1206 667 'Eo¹

160 679 286 764 magis,
312 677 400 760 quod
419 677 473 736 illa
497 698 629 760 quoque
645 676 813 752 animalia,
845 697 927 758 quae
946 698 1057 739 carere
1074 676 1165 739 intei-

164 788 255 852 lectu
277 785 446 860 videntur,
480 784 701 846 meminerunt
721 796 753 846 et
770 784 971 865 agnoscunt,
1007 794 1041 845 et
1061 805 1161 865 quan·

161 892 245 979 ¹libet
263 895 360 976 longo
381 892 499 953 itinere
518 891 659 954 deducta
676 891 716 952 ad
738 900 882 952 assuetas
911 890 972 950 sibi
996 891 1093 954 sedes
1117 913 1164 954 re·

101 1071 103 1074 ⁴
163 1013 350 1066 ¹vertuntur.
394 1000 501 1080 Quid?
533 1021 597 1060 uon
620 999 856 1087 haecssvarietas
877 999 958 1060 mira
978 985 1166 1075 estsexci·

164 1109 242 1173 dere
260 1108 426 1192 proxima,
457 1117 568 1168 vetera
584 1107 774 1168 inhaerere?
806 1093 1038 1199 hesternorum
1060 1108 1170 1170 imme·
1204 1187 1211 1201 .

10 1233 16 1250 ·
54 1241 64 1263 ··
164 1239 292 1294 mores,
313 1213 566 1299 acteapueritiae
584 1214 770 1276 recordari?
797 1194 921 1293 Quid?
940 1215 1044 1298 vquod
1069 1237 1171 1298 quee-

64 1328 67 1338 '
164 1323 238 1387 dam
253 1317 413 1408 requisitu
430 1345 464 1385 se
476 1323 661 1399 occultant,
680 1330 713 1383 et
728 1322 840 1383 eadem
852 1324 935 1382 forte
950 1327 1173 1386 succurrunt?

128 1453 227 1497 ¹inec
253 1443 363 1493 manet
394 1449 522 1512 semper
551 1428 725 1504 memoria,
766 1428 825 1490 sed
848 1427 1037 1512 >aliquando
1071 1431 1173 1492 etism

163 1540 274 1603 redit?
322 1540 512 1601 Nesciretur
540 1546 669 1615 tamen,
711 1548 832 1620 quanta
869 1537 917 1598 vis
957 1538 1043 1617 es'set
1081 1536 1172 1623 ejus,

165 1658 288 1732 quauta
309 1647 463 1708 divinitas
484 1646 558 1721 illa,
580 1645 663 1732 ¹nisi
683 1643 747 1709 hoo
766 1644 882 1706 iumen·
901 1646 1017 1719 orandi
1040 1646 1176 1729 extulis-

164 1764 226 1818 set.
278 1756 349 1816 Non
376 1754 462 1815 enim
487 1775 596 1814 rerum
621 1753 738 1829 modo,
779 1752 837 1813 sed
867 1753 966 1814 etiam
998 1755 1174 1816 verborum

165 1862 314 1924 ordinem
331 1872 492 1958 praestate
527 1880 597 1922 nee·
612 1883 648 1922 ea
673 1832 776 1942 padua
796 1859 962 1936 contexit,
988 1862 1053 1924 sed
1074 1863 1176 1926 durat

163 1992 266 2054 prope
287 1970 319 2029 in
341 1969 526 2046 infinitum,
550 1978 583 2030 et
603 1968 636 2028 i'n
653 1964 852 2051 longissimis
872 1968 1059 2033 actionibus
1079 1972 1174 2053 prius

165 2068 321 2138 audiendi
353 2077 534 2160 patientia,
586 2098 684 2159 quam
724 2077 898 2138 memoriae
935 2078 1014 2140 fides
1049 2076 1175 2143 deficit·
1208 2098 1211 2107 ·

166 2182 316 2263 Ωυοὼεῐ
338 2184 445 2264 ipsum
470 2193 696 2266 argumentum
728 2169 797 2260 est,
811 2184 963 2257 ¹subesse
986 2195 1092 2257 ortem
1115 2186 1176 2248 nti-

167 2306 285 2373 quom,
307 2287 478 2373 iuvarique
498 2290 626 2351 rdtione
644 2301 812 2352 naturumt
842 2312 941 2374 quum
963 2292 1062 2354 iidem
1081 2293 1173 2357 docti

159 2399 274 2461 fucere
299 2397 401 2474 iliud,
437 2397 562 2462 indocti
588 2410 626 2463 et
654 2399 861 2463 inexercitati
890 2380 958 2462 non
989 2402 1173 2485 possimusz

159 2502 353 2590 quanquam
365 2506 506 2589 invenio
525 2508 611 2585 apud
628 2507 799 2569 Platonem
817 2508 863 2586 Ἴ),
899 2510 1029 2571 obstare
1048 2531 1172 2573 memo-

166 2615 235 2678 riae
253 2636 348 2676 usum
367 2615 550 2678 literarums
571 2614 728 2701 videlicet
747 2616 840 2699 quod¹
852 2617 928 2692 iila,
960 2639 1046 2700 quae
1064 2620 1171 2704 scrip·

162 2722 210 2785 tis
238 2724 461 2807 reposuimus,
492 2723 584 2787 velut
609 2723 776 2786 custodire
802 2723 1003 2802 desinimus,
1037 2736 1071 2789 et
1100 2729 1170 2810 ipss

168 2831 345 2893 securitate
367 2831 573 2893 dimittimus.
614 2834 681 2894 Nec
703 2832 838 2897 dubium
857 2842 924 2908 est,
959 2834 1038 2916 quin
1063 2834 1171 2918 pluri·

167 2960 256 3003 mum
288 2940 321 2999 in
348 2939 409 3003 hac
440 2950 531 3028 parte
560 2941 807 3007 valeatmentis
830 2940 993 3018 intentio,
1026 2943 1171 3007 etvetus

131 3037 133 3040 ’
165 3045 254 3108 scies
288 3047 497 3113 luminuma
527 3057 700 3131 prospectu
720 3070 849 3127 rerum,
889 3071 970 3132 quas
997 3050 1170 3132 intuetur,

168 3174 234 3215 non
257 3176 378 3216 aversa.
422 3155 516 3218 Unde
534 3134 675 3234 accidit,
707 3167 743 3216 ut
773 3179 856 3241 quae
885 3134 943 3241 uer
963 3159 1072 3243 piures
1098 3159 1170 3221 dies

166 3262 340 3325 scribimus
376 3263 545 3326 ediscendi
576 3286 693 3342 causa,
733 3266 931 3349 cogitatione
961 3267 1030 3350 ipsu
1059 3265 1173 3329 conti·

166 3381 253 3434 neat.
276 3381 317 3420 ⁸-
340 3405 378 3420 -
401 3405 440 3419 -

160 3494 168 3521 .-
228 3481 309 3541 Nata
338 3489 407 3557 est,
439 3480 536 3543 utin
563 3481 747 3564 plerisque,
780 3503 831 3542 ars
863 3482 902 3544 ab
934 3481 1172 3566 experimento.

165 3591 252 3650 Loca
272 3589 405 3652 discunt
426 3612 521 3673 quam
539 3591 674 3651 maxime
693 3590 855 3674 spetiosa,
890 3592 992 3652 multu
1008 3593 1172 3655 varietate

167 3697 311 3780 signata,
333 3699 465 3759 domum
479 3702 563 3762 sorte
579 3722 737 3783 magnam,
762 3713 794 3765 et
811 3701 842 3760 in
859 3703 978 3791 multos
996 3699 1171 3763 diductam

169 3843 506 3860 Μ

201 3920 226 3993 'J
242 3924 315 3979 Plat.
330 3923 358 3974 in
373 3922 487 3979 Phaedr.
527 3972 529 3979 ,
