2610 4800
603 438 688 515 288

454 630 471 661 ’·
525 718 529 727 ,
587 640 611 720 s.
656 641 708 708 oo.

375 771 425 834 De
446 770 526 833 artis
549 771 710 835 oratoriae
731 768 918 855 partitione.

471 954 504 1021 a)
545 944 639 1006 Circa
659 932 831 1008 materiam.

338 1140 346 1149 ’
400 1154 499 1207 Cicero
534 1155 595 1226 (De
613 1153 717 1209 invent.
735 1153 755 1207 l.
773 1129 803 1210 1.'
815 1168 839 1207 c.
858 1150 904 1225 5.)

126 1336 129 1347 ,
211 1270 381 1335 Materiam
395 1260 569 1353 'artiseam
591 1270 751 1350 dicimus,
779 1272 819 1333 in
839 1294 903 1354 qua
926 1269 1134 1336 omnismet
1179 1320 1181 1345 ,

149 1400 187 1444 ea
203 1378 362 1456 facultas,
386 1382 470 1461 quae
490 1379 666 1441 conficitur
685 1389 725 1447 ex
745 1389 832 1456 arte,
856 1388 1015 1441 versatur.
1059 1370 1097 1443 Ut
1110 1379 1132 1440 si
1177 1366 1181 1461 ¹,

148 1470 331 1551 medicinae
346 1486 513 1548 materiam
527 1480 818 1563 dicamushnorhos
836 1509 874 1548 ac
889 1485 1039 1564 vulnera,
1062 1482 1133 1569 quod

148 1596 183 1658 in
213 1594 263 1656 his
294 1592 401 1655 omnis
434 1592 597 1656 medicina
623 1605 792 1657 versetur:
835 1593 938 1671 item,
974 1593 1132 1677 quihusin

146 1703 245 1791 rebus
264 1712 414 1765 versatur
433 1724 483 1762 ars
503 1711 536 1764 et
554 1704 695 1765 facultas
718 1703 877 1781 oratoria,
909 1725 962 1767 eas
983 1726 1035 1767 res
1056 1711 1133 1765 mate·

146 1809 229 1873 riam
250 1811 329 1872 artis
349 1809 533 1874 rhetoricae
554 1792 771 1873 nominamus.
800 1804 878 1873 'Has
899 1822 1008 1874 autem
1025 1834 1075 1874 res
1091 1808 1132 1871 alii

94 1914 97 1921 ’
146 1917 278 2003 plures,
314 1917 369 1978 alii
391 1919 564 2003 pauciores
594 1918 871 1982 existimaverunt.
915 1920 997 1982 llam
1017 1912 1132 2002 Gorgias
1171 1932 1174 1937 ’

146 2025 350 2103 Leontinus,
391 2025 640 2111 antiquissimus
670 2027 738 2089 fere
770 2027 898 2105 rhetor,
930 2027 1079 2090 omnihus
1104 2024 1133 2086 de

146 2136 244 2197 rebus
266 2143 428 2195 oratorem
452 2134 572 2216 optime
597 2156 691 2218 posse
711 2134 1048 2198 dicere·existimavit.
1086 2132 1133 2196 llic

148 2239 312 2303 infinitam
335 2251 367 2302 et
389 2241 578 2302 immensam
607 2242 684 2303 huic
712 2242 852 2303 artificio
878 2242 1048 2304 materiam
1073 2242 1134 2303 suh

147 2346 248 2433 jicere
274 2347 406 2410 videtur
429 2351 467 2427 ').
510 2349 704 2412 Aristoteles
733 2361 863 2428 autem,
896 2349 954 2434 qui
985 2351 1064 2427 huie
1085 2345 1135 2412 arti

148 2456 290 2540 plurima
314 2454 500 2539 adjumenta
530 2465 630 2539 atque
653 2466 844 2545 ornamenta
869 2458 1135 2536 subministravit,

150 2563 257 2625 tribus
281 2562 315 2624 in
342 2563 515 2646 generibus
547 2586 656 2626 rerum
683 2564 805 2626 versari
835 2565 977 2628 rhetoris
1009 2567 1136 2630 officiunt

149 2673 300 2757 putavit,
334 2650 610 2747 demonstrativo,
655 2672 884 2748 deliberativo,
918 2665 1073 2758 judiciali
1094 2675 1136 2752 ”t

79 2797 85 2806 ·
148 2780 452 2865 Demonstrativum
468 2792 533 2860 est,
557 2782 647 2865 quod
662 2783 821 2844 tribuitur
836 2783 870 2844 in
886 2783 1027 2868 'alicujus
1043 2794 1137 2850 certae
1179 2846 1181 2861 ,

148 2910 308 2975 personae
330 2888 460 2950 laudem
480 2899 536 2950 aut
552 2890 846 2973 vituperationem
878 2886 1136 2971 deliberativum,

152 2996 241 3079 quod
256 2978 399 3081 positum
420 2998 453 3057 in
471 2997 707 3081 disceptatione
724 3010 756 3060 et
772 2999 1017 3064 consultatione
1036 3000 1136 3076 civili,

148 3102 248 3166 hahet
264 3105 298 3165 in
320 3126 354 3166 se
372 3106 553 3166 sententiae
574 3106 769 3180 dictionem
793 3105 966 3190 judiciale,
989 3109 1079 3192 quod
1096 3129 1137 3193 po
1179 3146 1181 3169 ἱ

150 3211 249 3274 situm
270 3210 464 3296 injudicio,
496 3212 651 3276 hahet'in
674 3234 708 3274 se
728 3216 971 3276 accusationem
989 3225 1023 3279 et
1042 3216 1138 3279 defen-
1179 3264 1181 3291 ἱ

148 3319 294 3396 sionem,
318 3329 374 3381 aut
390 3318 582 3402 petitionem
601 3332 635 3382 et
651 3320 903 3384 recusationem.
943 3323 1005 3400 Et,
1034 3312 1137 3408 qns'm·
1179 3298 1181 3317 Ι

151 3454 509 3471 mn·-

195 3523 221 3595 *)
238 3526 281 3578 Dc
297 3527 413 3593 Gorgiae
428 3526 500 3577 eirca
513 3526 585 3580 hanc
604 3546 660 3580 rem
674 3528 811 3582 sententia
828 3528 861 3582 ci.
879 3531 1006 3585 Platonis
1021 3532 1099 3601 Gorg.
1114 3506 1141 3593 tl¹

234 3620 354 3691 inprimis
364 3622 483 3675 'Phaedc
1078 3677 1081 3681 .

180 3708 221 3784 **)
240 3716 316 3768 Idem
334 3717 389 3769 fere
405 3718 520 3785 Quintil.
536 3716 618 3782 dicit:
651 3739 664 3766 α
674 3717 832 3771 Aristoteles
847 3728 900 3772 tres
916 3718 1044 3786 faciendo
1058 3728 1135 3793 partes

234 3810 378 3874 orationis,
408 3809 592 3884 judicialem,
621 3809 849 3875 deliberativam,
883 3813 1132 3872 demonstrativam,

233 3922 319 3974 paene
341 3916 369 3957 et
386 3907 443 3976 ipse
465 3907 564 3958 oratori
585 3907 703 3974 subjecit
721 3908 826 3976 omnia,
855 3906 924 3959 nihil
946 3910 1018 3961 enim
1039 3928 1094 3963 non
1110 3907 1133 3959 in

233 3997 302 4051 hace
325 4001 415 4061 cadit:
442 4001 488 4073 (L.
507 4004 542 4054 ΙΙ.
564 4018 643 4059 e.21.
666 4000 687 4073 §.
704 4001 761 4071 23.)
784 4032 816 4043 -
859 4004 894 4055 Et
915 4004 1014 4059 Cicero
1036 4005 1134 4058 sibimet

233 4093 284 4166 ipsi
300 4097 496 4181 comparantius
511 4097 586 4150 Part.
602 4110 673 4149 orat.
690 4113 712 4151 c
728 4116 770 4150 no.
