2610 4800
619 354 673 429 96

146 561 261 634 noluo,
299 556 333 618 id
357 566 407 620 est
433 556 564 628 mentio,
602 555 653 621 nel
685 577 815 630 sensus,
844 558 897 619 vel
930 564 1144 625 sententium

105 657 110 662 ⁸
148 675 246 748 (nam
270 665 321 726 his
343 664 493 726 omnihus
516 662 621 724 modis
645 663 770 726 dictum
793 671 880 742 est);
903 668 1098 751 etlilium,
1116 669 1144 730 id

148 784 199 838 est
217 775 406 846 uerborum,
438 771 490 833 vcl
511 772 683 844 dictinum,
712 771 764 833 vel
784 774 994 849 elocutionis,
1023 778 1077 839 vel
1093 764 1171 839 scr-¹

147 885 272 957 monis,
301 883 353 944 vel
385 883 559 943 orationis:
588 903 662 943 nam
689 892 722 941 et
745 881 905 957 variotur,
939 893 972 945 et
999 884 1144 948 nihilne·

148 966 277 1068 feri'*).
332 991 505 1050 Cornelius
536 1001 643 1051 tumen
679 988 793 1048 Celsus
830 988 1082 1072 adjicit'verhis
1118 1004 1143 1055 et

150 1097 323 1160 sententiis
334 1100 461 1184 figuras
499 1101 659 1166 colorum.;
691 1095 789 1154 nimiu
817 1099 967 1177 profecto
994 1101 1143 1164 novitatis

149 1200 331 1288 cupiditate
350 1206 469 1266 ductus
494 1207 550 1282 **).
575 1239 615 1251 ——
643 1239 683 1252 -
725 1205 768 1264 Ut
796 1225 872 1264 vero
910 1217 1030 1267 natura
1061 1211 1143 1293 prius

149 1306 220 1392 est,
253 1314 428 1396 concipere
456 1313 661 1384 unimores,
694 1333 791 1393 quam
817 1312 1015 1389 enuncin're;
1048 1316 1144 1379 itudo

147 1410 191 1484 iis
210 1421 322 1505 figuris
344 1431 420 1487 ante
442 1430 491 1483 est
512 1420 732 1502 loquendum,
765 1443 848 1503 quae
866 1421 907 1484 ud
929 1437 1145 1509 utentem-per·

149 1531 279 1608 tinent,
312 1551 450 1614 quorum
478 1530 611 1611 quidem
637 1529 762 1591 utilitas
787 1552 887 1613 quum
913 1554 1051 1615 magna,
1082 1544 1144 1595 tun

147 1639 337 1722 multiplex,
368 1638 402 1697 in
434 1638 527 1699 nullo
560 1657 626 1698 non
658 1639 815 1700 orationis
844 1661 942 1722 opere
970 1641 1145 1704 oldrissiun

148 1746 266 1809 elucet.
314 1747 395 1807 Nam
423 1747 484 1807 etsi
513 1746 646 1806 minime
670 1746 803 1808 videtur
826 1750 992 1830 pertinere
1015 1750 1058 1811 ad
1078 1770 1145 1834 pro·

147 1854 334 1932 helionem,
366 1876 430 1935 qua
450 1855 551 1936 figura
575 1854 738 1936 quidquid
760 1855 909 1931 dicutur;
938 1856 1021 1918 facit
1043 1868 1145 1921 tamon

149 1962 331 2037 credibilia,
355 1985 438 2044 quoe
455 1961 607 2038 dicimus,
631 1974 663 2025 et
678 1964 803 2023 animos
820 1963 979 2047 judicum,
1004 1988 1073 2049 qno
1086 1986 1144 2028 non

148 2063 360 2144 observatur,
394 2070 517 2151 irrepit.
548 2106 587 2116 -
611 2107 651 2118 —
693 2073 763 2131 Jam
789 2093 867 2132 vero
893 2073 1045 2134 adfectus
1070 2072 1144 2137 nihil

147 2166 249 2259 inagis
278 2174 382 2237 ducit.
425 2162 507 2236 Na'm
534 2176 560 2236 si
586 2180 699 2254 frons,
732 2179 840 2255 oculi,
873 2202 988 2241 munus
1011 2182 1148 2245 multum

147 2285 189 2345 ud
214 2293 340 2345 motum
365 2284 548 2365 animorum
572 2286 709 2359 valent;
741 2297 865 2368 quanto
894 2288 972 2372 plus·
992 2290 1146 2352 orationis

147 2391 252 2474 ipsius
272 2392 382 2454 vultus
405 2393 519 2472 adid,
553 2395 641 2476 quod
660 2396 861 2457 intendimus
885 2397 1030 2475 efficere,
1064 2420 1149 2462 com·

146 2500 296 2583 positus?
325 2499 507 2562 Plurimum
527 2512 635 2563 tumen
655 2503 696 2563 ad
717 2504 1035 2566 commendationem
1053 2507 1148 2584 lucit,

150 2606 218 2667 sive
247 2606 280 2668 in
310 2609 525 2670 conciliandis
555 2611 679 2691 agentis
711 2611 877 2690 moribus,
910 2612 979 2673 sive
1006 2611 1049 2673 ad
1075 2635 1150 2698 pro·

148 2716 339 2777 merendum
364 2717 487 2777 actioni
512 2719 675 2797 favorem,
713 2719 781 2781 sive
806 2720 846 2780 ad
861 2720 1036 2782 levandum
1051 2722 1150 2784 varie·

148 2832 216 2885 tate
240 2825 428 2904 fastidium,
465 2826 533 2888 sive
560 2827 599 2889 ad
621 2828 779 2910 quaedum
803 2829 854 2893 vel
873 2810 1045 2890 decentius
1065 2829 1150 2892 indi-

148 2969 501 2986 mn·-

143 3108 149 3116 ·
233 3084 360 3129 statuunt
385 3076 456 3129 inter
479 3077 576 3145 figuras
597 3087 625 3130 et
645 3087 756 3149 tropos,
791 3091 938 3128 memorare
962 3075 1054 3128 adhuc
1075 3079 1150 3145 juvat

233 3171 305 3224 hunc
318 3171 476 3225 Alexandri
491 3152 612 3227 Rhetoris
629 3174 833 3225 definitionem:
853 3177 955 3244 σχῆμα
970 3176 1047 3228 ἐστὶν
1064 3170 1148 3244 ἑξάλ·

231 3265 316 3337 λαξις
334 3266 426 3336 λόγου
447 3273 492 3325 ini
513 3278 550 3326 oo
573 3272 709 3345 κρεῖττον
726 3271 807 3323 κατὰ
827 3263 923 3340 λέξιν,
949 3265 967 3332 d
984 3270 1067 3323 κατὰ
1084 3264 1149 3325 διά·

231 3381 337 3435 notan,
358 3360 430 3416 ἄνευ
445 3367 566 3437 τρόπον.

178 3454 205 3525 ')
231 3458 313 3508 Dion.
335 3456 429 3509 Halic.
454 3456 568 3512 Πολλοὶ
592 3456 623 3512 δὲ
649 3455 685 3522 δὴ
711 3475 769 3512 που
794 3462 998 3530 σχηματισμοὶ
1023 3460 1148 3523 καὶτῆς

230 3550 334 3622 λέξεως
346 3559 435 3624 εἰσιν,
462 3549 550 3626 ὥςπερ
565 3557 682 3617 καὶτῆς
699 3549 852 3616 διανοίας·
880 3551 931 3617 οὓς
950 3554 1010 3620 οὐχ
1030 3551 1100 3610 οἶόν
1116 3570 1149 3607 τι

230 3644 443 3714 κεφαλαιωδῶς
456 3644 636 3721 περιλαβεῖν·
656 3647 723 3712 ἴσως
737 3644 832 3700 δὲκαὶ
845 3643 965 3721 docteque·
991 3646 1045 3716 (De
1058 3663 1147 3717 comp·

230 3738 304 3793 verb.
321 3759 347 3809 p.
362 3742 403 3807 46.
423 3740 464 3793 od.
483 3737 603 3809 Wcisk.)
639 3740 715 3792 Idem
737 3741 790 3791 ulio
808 3741 872 3792 loco
895 3751 949 3792 tres
972 3742 1076 3813 species
1101 3744 1150 3797 do-

231 3830 327 3897 signat.
366 3833 452 3892 Ἔστι
485 3840 539 3912 γὰρ
566 3841 625 3893 τῶν
651 3837 813 3909 σχημάτων
837 3835 903 3904 εἴδη
926 3835 1005 3913 τρία.
1047 3838 1149 3909 (nnec.

232 3943 255 3979 c.
272 3926 370 3994 vin.)

167 4021 206 4093 1“)
229 4020 270 4073 ef.
286 4021 373 4076 Dion.
389 4026 478 4077 Holic.
494 4027 557 4078 loco
573 4024 653 4077 modo
668 4024 789 4079 laudato.
