2610 4800
528 422 579 500 st

52 634 212 701 secutus,
253 621 343 706 quod
380 621 464 685 hacc
501 621 712 706 amplificatio
740 622 820 687 slilu
851 623 958 709 positu
985 633 1058 704 est,

53 732 135 795 alibi
158 730 266 804 volet5
300 740 338 790 ut
367 729 456 791 alind
487 742 635 807 crescat,
668 730 757 791 sliud
786 743 943 815 sugetun
978 733 1057 798 indu

51 841 97 905 ud
112 841 158 915 id,
182 839 273 923 quod
292 838 404 901 extolli
422 838 586 918 volumus,
610 838 736 902 ratione
752 841 782 920 *l
801 840 944 903 ducitur.
987 843 1058 904 Olt-

50 942 202 1038 jccturus
220 947 367 1035 Antonio
388 948 503 1013 Cicero
521 947 565 1025 **)
596 970 720 1009 merum
742 958 775 1011 et
797 949 972 1012 vomitum:
1008 952 1059 1015 Tu

51 1058 187 1141 inquit,
217 1057 284 1117 istis
295 1056 446 1138 saucibus
456 1101 469 1129 ,
499 1058 566 1117 istis
588 1057 757 1134 lateribus,
789 1059 849 1118 istc
865 1056 1060 1139 gladiatocia

53 1169 152 1229 totius
166 1166 477 1251 corporisfirmitate.
501 1162 589 1241 Quid
605 1166 717 1227 faisses
733 1176 766 1227 et
783 1164 882 1228 latera
899 1165 939 1227 ud
956 1167 1059 1231 ebrie·

55 1274 178 1336 tatem?
210 1274 345 1337 Minime
377 1283 454 1334 sunt
488 1271 601 1334 otiosa.
650 1274 732 1334 Nam
767 1274 982 1356 respicientes
1018 1272 1060 1337 sd

56 1380 159 1457 haec,
197 1402 369 1464 possumus
403 1379 594 1458 aestimare,
632 1392 793 1462 quantum
832 1380 882 1440 illi
915 1379 985 1441 vini
1023 1378 1059 1443 in

52 1488 194 1573 Hippiae
212 1487 336 1571 nuptiis
357 1487 560 1561 exhauserit,
585 1487 674 1569 quod
693 1490 779 1549 ferre
795 1498 828 1548 et
848 1508 1059 1571 concoquere

53 1620 123 1659 noo
149 1606 263 1681 posset
291 1596 345 1655 illo
373 1595 564 1677 gladiatoria
590 1595 737 1676 corporis
770 1594 931 1656 firmitate.
972 1596 1060 1678 Ergo

53 1705 86 1767 si
115 1726 156 1767 ex
185 1703 255 1764 'ulio
284 1703 450 1799 colligitur
480 1701 590 1780 aliud,
631 1723 691 1763 nec
725 1702 958 1786 improprium,
997 1724 1059 1765 nec

30 1811 257 1873 'inusitatum
283 1831 402 1871 nomen
429 1821 478 1872 cst
505 1809 778 1871 ratiocinationis.
800 1844 842 1857 —
865 1844 904 1859 -—
944 1811 1000 1873 Sic
1026 1821 1060 1874 et

59 1919 356 2005 ex=insequentibus
386 1918 595 2000 amplificatio
627 1917 769 1979 ducitur.
800 1952 839 1967 -··
882 1919 971 1982 Idem
994 1917 1059 1981 ltou

56 2035 246 2110 praestant,
280 2048 363 2109 quae
393 2035 652 2088 antecesserunt.
694 2027 775 2090 Nam
797 2047 871 2089 cum
894 2026 1017 2088 Aeolus
1040 2048 1061 2087 u

55 2135 187 2197 lunone
208 2145 340 2218 rogetus
352 2178 362 2212 ,
383 2134 444 2215 sss)

207 2380 240 2392 -
260 2380 292 2394 -
314 2353 417 2406 Cacum
435 2370 570 2407 conversa
589 2347 702 2424 cuspide
719 2364 838 2406 montem

207 2460 322 2531 Impulit
340 2461 372 2511 in
390 2461 480 2522 latin,
501 2478 535 2512 oc
553 2462 651 2523 venti,
671 2459 750 2514 velut
768 2461 877 2532 agmine
886 2459 992 2533 sacto,

211 2565 272 2630 Qua
291 2561 358 2614 data
376 2576 476 2634 porta,
495 2577 598 2616 ruunt:
617 2590 649 2604 ·-
669 2591 702 2603 ·-
806 2620 810 2627 ,

56 2772 192 2847 apparet
215 2771 336 2844 quanta
360 2761 403 2823 sit
424 2766 536 2825 futuru
555 2775 741 2848 tempestas.

122 2868 230 2948 Quid?
264 2892 365 2951 quum
398 2892 450 2931 res
480 2873 699 2935 atrocissimus
731 2896 880 2958 quosque
909 2870 942 2933 in
972 2894 1063 2935 sum·

54 2999 144 3038 mum
175 2977 237 3061 ipsi
263 2978 440 3040 extulimus
474 2979 653 3059 invidiam,
696 2981 861 3044 elevamus
891 2981 1062 3056 consulto,

56 3107 128 3175 quo
149 3087 295 3167 graviora
322 3085 517 3172 videantur,
550 3109 633 3170 quae
662 3100 814 3151 secutura
837 3098 932 3161 sunt,
977 3098 1014 3149 ut
1043 3108 1063 3146 u

50 3190 220 3279 Cicerone
306 3199 315 3272 )
343 3196 556 3274 factumest,
591 3216 692 3276 quum
712 3195 764 3254 illu
795 3196 934 3256 diceret:
963 3196 1062 3256 Levia

52 3316 132 3365 sunt
157 3303 232 3362 haec
259 3305 293 3363 in
318 3305 376 3364 boc
400 3325 453 3364 reo
484 3304 627 3366 crimina.
670 3307 788 3366 Melum
814 3304 975 3384 virgarum
994 3305 1062 3366 Na-

51 3411 195 3473 varcltus
217 3412 427 3472 nobilissimae
448 3414 580 3472 civitatis
594 3414 697 3498 pretio
717 3409 869 3482 redemit;
890 3413 1061 3474 humanum

54 3515 123 3580 est.¹
157 3519 248 3578 Alius
257 3563 270 3591 ,
299 3539 338 3578 ne
356 3521 459 3580 securi
468 3520 642 3602 feriretur,
668 3524 836 3607 pecuniam
854 3521 964 3591 dediu·
993 3520 1062 3582 usi·

54 3640 155 3688 tottam
177 3639 229 3685 est.
272 3626 388 3686 Nonne
415 3648 494 3687 usus
524 3640 574 3693 est
595 3629 869 3708 ratiocinatione,
903 3649 968 3711 qua
988 3626 1060 3693 col·
1137 3679 1141 3687 .
1179 3636 1183 3643 “

62 3748 413 3764 ——ffl

91 3799 119 3869 *)
145 3800 184 3852 ΑΙ.
205 3821 218 3848 a
229 3803 302 3853 ratio
317 3800 498 3854 deducitur.»

79 3894 121 3964 '*)
143 3894 214 3950 Phil.
233 3897 269 3951 11.
288 3913 311 3949 c.
331 3897 374 3950 25.

64 3987 120 4060 m)
142 3993 207 4044 Aen.
228 3991 249 4041 1.
268 3994 299 4044 81
320 4009 397 4063 seqq.
681 4025 685 4034 ·

54 4082 124 4155 ml)
143 4086 303 4141 Iuvenum
321 4096 375 4138 act.
395 4087 432 4140 11.
450 4084 469 4138 l.
487 4085 520 4140 V.
539 4102 562 4141 c.
582 4083 625 4152 ll.
644 4082 667 4150 5.
691 4097 747 4154 1¹2.
