2610 4800
628 428 713 508 514

148 629 290 716 ·qnacri.
312 629 417 710 solet,
449 630 599 693 maxime
611 653 649 693 ex
673 631 779 695 causis
804 629 865 711 iis,
899 652 985 715 quoe
1001 654 1142 718 quamque
1189 646 1193 681 ¹

171 759 241 802 rem
255 738 415 817 efficiant,
439 751 489 803 cst
505 737 693 801 videndum.
726 739 904 801 Causarum
921 751 1032 803 autem
1049 762 1145 825 genere

172 857 250 925 suut
268 846 370 928 plura.
411 847 492 908 Nam
512 855 589 908 eunt
608 847 710 922 aliae,
743 868 827 928 quac
848 847 937 929 ipsae
965 848 1144 919 conficiam

172 953 274 1029 aliae,
310 976 394 1036 quae
421 955 487 1016 vim
508 955 649 1038 aliquam
679 955 718 1016 ad
747 949 992 1018 conficiendum
1018 958 1155 1019 afferunt(

171 1063 283 1144 ltaque
297 1061 371 1123 illae
389 1063 572 1146 superiores
587 1064 800 1130 conficientes
818 1075 997 1137 vocentur;
1021 1065 1081 1127 hae
1093 1062 1148 1127 reli·

172 1191 254 1255 quae
278 1180 443 1254 ponantur
460 1171 492 1231 iu
513 1193 550 1232 eo
569 1192 703 1253 genere,
734 1182 771 1233 ut
794 1171 867 1233 siue
887 1171 938 1233 hie
963 1170 1081 1235 confici
1099 1190 1148 1231 cor

170 1277 284 1365 possit.
333 1278 518 1342 Conficiens
547 1288 655 1343 autem
683 1300 780 1341 causo
808 1279 871 1345 alia
894 1288 945 1341 est
968 1279 1110 1341 absoluta
1127 1286 1150 1339 et

171 1388 316 1472 perfecta
343 1408 402 1469 per
427 1407 481 1463 sc,
515 1386 578 1448 alia
611 1386 733 1468 aliquid
756 1385 913 1470 adjuvans
947 1396 980 1450 et
1009 1383 1149 1450 efficienti

140 1470 145 1479 “
172 1493 261 1557 socia
276 1494 450 1577 quaedam:
482 1492 575 1578 cujus
595 1493 721 1577 generis
742 1494 790 1555 vis
808 1494 896 1555 varia
916 1503 988 1572 est,
1022 1507 1055 1556 ct
1074 1512 1152 1575 saepo

171 1610 230 1661 eut
247 1598 365 1684 major,
388 1601 571 1671 autminus
581 1644 591 1676 ,
614 1612 651 1662 ut
670 1611 703 1662 et
718 1601 793 1676 iila,
816 1623 898 1683 quae
914 1601 1084 1666 maximam
1102 1600 1151 1659 vim

163 1706 288 1786 hehet,
319 1707 387 1769 sola
413 1729 509 1791 saepe
536 1728 633 1770 causa
654 1691 815 1769 dicatur(
847 1709 931 1770 Sunt
957 1716 1067 1771 autem
1088 1704 1153 1765 aiiae
1190 1738 1193 1769 t

172 1835 313 1892 censae,
340 1837 421 1897 quae
446 1824 504 1876 aut
533 1827 669 1898 propter
697 1815 1010 1898 principium,.·'aut'
1038 1824 1153 1898 proptu
1190 1812 1193 1899 j

172 1922 311 1997 exitum,
337 1922 549 1986 conficientes
567 1933 756 1993 vocantur„
780 1923 861 2018 Cum
878 1933 974 1985 antea
990 1920 1153 2005 quaeritur,
1190 1970 1193 2045 q

83 2074 86 2079 ι
172 2030 253 2112 quid
265 2030 307 2091 sit
319 2031 475 2112 optimum
492 2033 599 2104 factm
624 2039 679 2095 aut
695 2030 832 2106 utilitas,
854 2023 1152 2113 autspcsefficieedi
1189 2048 1193 2107 q·

172 2135 213 2198 ad
238 2138 482 2201 assentiendum
509 2116 648 2220 impellit
674 2139 810 2201 animos.
851 2139 914 2213 Et,
946 2133 1153 2220 quoniamde
1190 2134 1193 2169 ¹

172 2244 318 2307 utilitate
337 2243 400 2327 jam
422 2245 581 2320 diximus,
610 2246 648 2307 de
674 2245 832 2309 efficiendi
858 2245 985 2307 ratione
1014 2245 1153 2307 dicamus
1170 2252 1193 2329 'J

157 2353 245 2428 .Quo
267 2361 337 2414 toto
359 2373 498 2433 genere,
530 2352 744 2434 quibuscum,
779 2363 812 2416 et
834 2364 949 2415 contra
971 2373 1073 2435 quos,
1105 2367 1154 2435 quo

66 2506 72 2525 ,
173 2467 340 2540 tempore,
364 2468 420 2522 aut
436 2474 504 2540 quo·
515 2459 608 2536 loco,
634 2470 689 2520 eut
705 2461 823 2542 quibes
839 2459 1053 2525 facultatibus
1070 2476 1155 2521 armo

173 2585 267 2642 uum,
288 2565 469 2647 pecuniae,
493 2566 675 2644 sociorum,
700 2589 851 2630 earumve
860 2588 974 2632 rerum
989 2610 999 2643 ,
1031 2589 1115 2651 quae
1126 2559 1157 2623 ad

173 2688 333 2757 quamque
362 2695 430 2735 rem
459 2668 660 2742 efficiendam
685 2660 875 2758 pertinent,
905 2673 1070 2758 possimus
1100 2670 1156 2748 uti,

173 2780 406 2863 requirendum
420 2792 489 2851 est.
531 2785 642 2864 Neque
667 2782 773 2842 sotum
796 2803 832 2843 ea
850 2792 947 2858 sunt,
973 2804 1058 2864 quae
1079 2778 1159 2843 nobit

174 2898 367 2972 suppetunt,
389 2889 562 2959 sedetiam
580 2889 653 2965 illa,
675 2912 758 2971 quae
772 2889 998 2966 adversantur,
1015 2886 1160 2951 sidente.

172 2996 232 3073 Et,
264 2995 290 3056 si
313 3016 350 3057 ex
368 2996 582 3059 contentione
603 2996 801 3079 procliviora
819 3006 917 3058 erunt
934 3004 1067 3071 nostru
1098 3014 1159 3059 nou

174 3102 280 3191 sotum
302 3102 385 3165 effici
408 3124 524 3185 posse,
554 3125 635 3185 quae
662 3103 855 3179 suademus,
888 3103 953 3171 erit,
971 3104 1162 3186 persuadeo·

174 3209 269 3282 dum;
293 3210 349 3273 sed
366 3210 547 3272 curandum
566 3210 673 3287 etiam,
697 3222 734 3272 ut
750 3211 822 3287 iila,
844 3200 974 3286 facilia,
998 3209 1162 3293 proclivis,
1188 3212 1192 3219 '

145 3314 317 3399 :jucunda
343 3318 527 3379 videantur.
580 3310 854 3380 Dissuadentibus
868 3328 979 3381 'auton
1001 3329 1061 3381 aut
1082 3314 1165 3379 utiti-

174 3434 225 3487 tas
248 3425 471 3517 labefactanqa
495 3435 570 3502 est,
597 3437 653 3488 aut
679 3424 838 3488 efficiendi
863 3424 1072 3487 difficultates
1098 3423 1165 3488 effc-

173 3532 315 3604 rendae,
338 3554 443 3615 neque
457 3532 529 3594 aliis
550 3554 587 3594 ex
602 3535 801 3617 praeceptis,
832 3531 889 3593 sed
909 3531 1023 3593 iisdem
1042 3552 1084 3593 ex
1100 3552 1166 3592 sua·

175 3639 278 3701 sionis
296 3640 389 3703 iocis.
420 3643 562 3722 Uterque
576 3641 712 3703 vero‘ad
733 3639 916 3724 augendum
933 3639 1054 3702 habeat
1067 3659 1166 3701 exem·

173 3746 302 3829 pictum
323 3742 379 3811 aut
394 3750 589 3824 recentium,
612 3771 677 3831 quo
696 3749 823 3818 arctiora
838 3748 919 3823 sint,
942 3757 998 3808 ant
1015 3758 1165 3821 veterum,

75 3909 108 3936 ,Ι
174 3873 240 3935 quo
265 3854 338 3935 plus
362 3857 567 3918 auctoritatis
593 3856 754 3930 habeant,
789 3855 925 3937 copiam.
969 3855 1166 3938 Maximeque

174 3961 217 4022 sit
244 3959 277 4023 iu
305 3962 367 4023 hoc
396 3985 513 4046 genere
537 3964 736 4038 meditatus,
772 3973 810 4024 ut
828 3962 931 4044 possit
952 3961 1003 4024 vel
1023 3963 1118 4026 utilia
1132 3981 1165 4021 ac

172 4068 357 4135 necessaria
373 4087 479 4153 ¹saepe
504 4068 673 4150 honestis,
712 4067 764 4134 rel
791 4069 872 4135 haec
903 4067 971 4131 illis
1000 4071 1164 4135 anteferre
