2610 4800
602 486 761 612 482'

149 717 215 779 qno
244 695 436 773 tenderent,
472 682 719 779 adjurarentur:
754 701 791 753 ut
813 691 841 752 si
865 692 940 775 quis
961 691 1140 775 palaestrae

149 802 293 885 peritus,
323 824 425 884 quum
443 801 475 862 in
499 801 633 884 aliquod
652 801 784 883 plenum
806 799 916 882 pueris
936 801 1141 884 gymnasium

149 911 293 986 venerit,
317 919 469 993 expertus
488 931 599 971 eorum
616 909 706 970 omni
725 907 820 970 modo
848 888 966 990 corpus
984 909 1141 971 animum·

131 1042 233 1101 ·que,
257 1017 438 1093 discernat,
463 1017 517 1078 cui
535 1017 677 1101 quisque
695 1015 865 1078 certamini
883 1016 926 1077 sit
944 1038 1141 1109 praeparan-

148 1125 224 1187 dus:
255 1126 298 1187 ita
324 1135 565 1208 praeceptorem
591 1125 818 1208 eloquentiae,
851 1145 953 1206 quum
982 1127 1140 1207 sagaciter

147 1233 247 1295 fuerit
276 1232 439 1310 intuitus,
478 1230 571 1315 cujus
606 1232 773 1315 ingenium
806 1253 919 1314 presso
958 1222 1139 1316 limatoque

147 1363 264 1427 genere
299 1341 449 1418 dicendi,
482 1334 575 1420 cujus
604 1342 693 1418 acri,
725 1340 833 1423 gravi,
866 1340 974 1418 dulei,
1006 1357 1139 1425 aspero,

148 1449 274 1527 nitido,
305 1449 448 1524 urbano,
484 1447 620 1510 maxime
643 1448 797 1532 gaudeam
828 1447 873 1508 ita'
900 1470 933 1509 se
955 1449 1141 1511 commoda·

147 1569 258 1619 turum
280 1556 439 1638 singulis,
461 1569 497 1618 ut
519 1557 551 1617 in
570 1579 627 1633 eo,
652 1578 718 1639 quo
743 1557 886 1638 quisque
906 1557 1051 1621 eminet,
1076 1577 1140 1640 pro·

146 1664 302 1739 vetrum:
326 1664 414 1746 quod
432 1675 465 1726 et
483 1662 592 1743 adjuta
613 1686 691 1726 eura
709 1676 825 1726 natura
840 1665 940 1746 magis
957 1663 1138 1736 evalescat3

148 1772 260 1855 etqui
284 1773 316 1833 in
342 1772 467 1833 diversa
487 1772 643 1847 dueatur,
674 1793 736 1833 nec
755 1772 788 1832 in
811 1772 869 1848 iis,
892 1773 1013 1854 quibus
1033 1772 1139 1832 minus

148 1893 243 1964 aptus
263 1892 331 1956 est,
360 1880 439 1940 satis
459 1881 561 1961 possit
586 1879 730 1953 efficere,
753 1891 786 1940 et
806 1902 862 1955 ea,
886 1880 920 1939 in
942 1901 1027 1962 quae
1042 1870 1160 1943 natus'

147 1988 298 2062 ridetur,
331 1986 510 2048 descrendo
534 1987 634 2049 saciat
661 1986 848 2047 infirmiora.

210 2095 306 2171 Quod
326 2094 404 2153 mihi
424 2101 433 2171 l
441 2095 539 2155 libera
558 2095 663 2170 enim,
698 2094 748 2156 vel
768 2105 882 2156 contra
900 2106 1051 2178 receptas
1070 2119 1143 2179 per-

149 2203 336 2277 suasiones,
369 2202 527 2263 rationem
548 2202 697 2284 sequenti
716 2203 879 2264 sententia
899 2208 966 2280 est)
990 2204 1025 2263 in
1055 2217 1144 2288 parte

148 2333 260 2371 verum
287 2309 424 2370 videtur.
466 2311 547 2369 Nam
574 2309 788 2390 proprietates
816 2310 1021 2393 ingeniorum
1043 2312 1143 2396 dispi-

149 2436 372 2496 cere-prorsus
396 2414 615 2476 necessarium
634 2423 693 2475 est.
734 2419 773 2477 In
792 2415 843 2476 hie
864 2439 996 2499 qunque
1014 2430 1144 2480 certum

149 2521 329 2584 studiorum
362 2525 469 2582 facere
494 2522 658 2583 delectum
686 2543 780 2582 nemo
799 2522 1001 2586 dissuaserit.
1045 2528 1145 2586 Nam-

150 2651 215 2714 que
234 2630 295 2691 erit
316 2628 396 2690 alins
417 2630 571 2691 historiae
589 2629 689 2712 magis
713 2629 871 2705 idoneus,
904 2631 986 2692 alius
1007 2654 1145 2716 compo-

150 2739 232 2798 situs
255 2737 295 2797 ad
322 2759 473 2812 carmen,
503 2737 585 2796 alius
612 2737 702 2796 utilis
732 2738 839 2800 studio
859 2737 962 2819 juris,
994 2752 1035 2800 ut
1060 2763 1146 2802 non·

149 2844 232 2904 nulli
250 2865 305 2904 rus
324 2845 461 2906 sortasse
473 2844 633 2905 mittendi.
666 2843 721 2905 Sic
740 2845 906 2907 discernet
920 2845 997 2907 haee
1009 2847 1144 2909 dicendi

150 2950 322 3033 magister,
346 2952 510 3034 quomodo
530 2952 742 3034 palaestricus
763 2952 818 3013 ille
840 2975 1005 3014 cursorem
1025 2955 1144 3031 faciet,

150 3071 208 3120 aut
232 3060 393 3141 pugilem,
424 3072 463 3121 ut
492 3059 707 3136 luctatorem,
742 3060 872 3122 aliudve
905 3059 984 3143 quid
1014 3082 1054 3121 ex
1083 3063 1144 3140 iis,

152 3188 237 3250 quae
261 3176 338 3228 eunt
359 3189 524 3228 sacrorum
542 3168 756 3231 certaminum
774 3171 811 3246 ¹).
852 3172 976 3233 Verum
1000 3169 1051 3246 ei,
1086 3171 1145 3254 qui

151 3279 222 3335 foro
254 3275 490 3351 destinabitur,
525 3296 589 3336 non
622 3277 657 3336 in
686 3298 783 3336 unam
817 3287 943 3358 partem
975 3277 1144 3359 aliquam,

152 3381 264 3443 sedin
288 3383 417 3458 omnia,
449 3404 533 3471 qliae
555 3392 633 3444 sunt
659 3382 728 3467 ejus
747 3383 873 3466 operis,
909 3384 1055 3445 etiamsi
1079 3409 1145 3468 qua

152 3487 334 3550 difficiliora
372 3489 512 3550 discenti
550 3489 768 3566 videbuntur,
809 3490 1038 3552 elaborandum
1085 3502 1144 3554 est.

152 3595 233 3657 llam
255 3608 288 3658 et
308 3597 440 3657 omnino
460 3618 659 3682 supervacua
683 3607 751 3658 erat
771 3598 942 3675 doctriua,
973 3599 1000 3658 si
1026 3612 1145 3663 natura

151 3754 506 3771 m—

192 3835 217 3905 ·)
239 3840 281 3893 De
297 3841 377 3893 saeris
393 3843 466 3911 apud
482 3846 612 3895 Romanos
628 3843 820 3897 certaminibus
832 3844 866 3897 cl.
881 3846 993 3897 sonora
1031 3846 1144 3914 August

238 3941 281 4001 pt.
318 3936 377 3988 Ner.
404 3957 440 3989 ra.
479 3940 577 3991 Doniit.
603 3941 618 4004 l
659 3941 754 3991 Noster
779 3941 836 4010 ipse
863 3941 956 3994 conler
988 3943 1040 3995 m.
1074 3958 1100 3992 e.
1118 3959 1149 4007 7,

148 4020 160 4041 ’
240 4028 303 4096 tt.
340 4035 372 4083 ιι.
391 4033 472 4084 nze.
489 4034 512 4098 ι.
532 4037 553 4098 ς.
575 4053 611 4084 ι..
