2610 4800
593 438 644 517 et

127 640 212 725 eins,
231 647 267 703 et
283 647 364 723 quot
384 652 523 721 genera,
544 649 579 705 et
595 661 703 725 quae,
728 662 826 726 qnam
847 642 1035 729 multaeque
1052 641 1120 709 siut

211 873 270 929 Aut
282 890 324 929 res
338 892 386 945 per
400 872 608 926 similitudinem
623 872 790 927 attollimus:

440 966 544 1021 Credas
562 971 665 1022 innare
683 971 805 1023 revulsos

273 1058 419 1130 Cyclades.
446 1062 467 1134 (
476 1062 545 1116 lbid.
561 1065 639 1118 V111.
655 1063 736 1133 691.)

208 1154 267 1213 Aut
278 1175 328 1229 per
342 1158 588 1229 comparutionem,
609 1168 654 1210 ut:

436 1254 572 1307 Fulminis
591 1254 672 1306 ocior
689 1254 751 1307 alis.
786 1252 875 1326 (lbid.
887 1253 921 1307 V.
935 1252 1016 1327 319.)

206 1346 266 1401 Atti
280 1346 361 1414 signis
376 1347 453 1419 quasi
468 1348 648 1419 quibusdam:

268 1442 325 1495 uta
343 1441 391 1495 vel
404 1446 527 1497 intactae
542 1446 640 1513 segetis
651 1463 704 1515 per
718 1458 821 1496 summa
834 1441 948 1497 volaret

270 1541 426 1601 Gramina,
447 1559 497 1594 nec
514 1553 624 1595 teneros
640 1559 724 1593 eursu
738 1540 864 1592 laesisset
879 1539 991 1591 oristas.
1192 1576 1195 1581 -

848 1632 860 1704 (
870 1632 939 1685 {oid
957 1633 1020 1689 vll.
1040 1629 1123 1701 808.)

172 1774 176 1781 .
206 1726 262 1783 vel
284 1728 480 1794 nuntiatione,
512 1738 544 1782 ut
567 1730 655 1802 ipsum
677 1727 750 1785 illud
766 1727 887 1783 volaret
908 1756 941 1769 -
983 1726 1042 1783 Nec
1055 1745 1124 1801 pau·

194 1822 283 1879 ¹eiurat
296 1833 361 1876 sunt
376 1842 474 1891 genera
487 1822 641 1877 mr'nucudi.

323 1920 375 1970 Vix
393 1921 498 1972 ossibus
515 1920 640 1976 linerent.
676 1919 763 1991 (Virg.
779 1917 837 1971 Ecl.
854 1918 905 1972 111.
924 1914 1002 1987 103.)

173 2064 179 2075 ,
206 2008 265 2065 Sed
278 2011 360 2080 hujus
377 2032 489 2085 quoque
505 2015 542 2067 rei
560 2025 683 2068 servetur
698 2033 823 2067 mensura
840 2013 985 2085 quaedam.
1020 2010 1125 2082 Quam·

207 2106 249 2161 via
263 2116 305 2160 est
320 2109 392 2160 enim
407 2110 492 2197 omnis
512 2108 662 2182 hyperbole
680 2110 753 2163 ultm
768 2109 868 2176 iidem,
888 2117 1050 2162 nontamen
1066 2123 1125 2161 esse

141 2224 144 2228 ·
206 2200 294 2257 debet
314 2204 385 2255 ultra
406 2205 533 2257 modum:
567 2223 619 2258 nee
641 2205 694 2257 alia
718 2205 802 2273 magis
825 2204 869 2259 via
890 2204 919 2256 iu
939 2202 1125 2270 κακοζηλίαν

136 2338 149 2355 s
207 2296 272 2353 itur.
308 2299 385 2366 Piget
398 2300 496 2355 referre
511 2301 626 2372 plurima
641 2300 707 2353 hine
722 2310 780 2353 ortu
796 2301 878 2366 vitia,
906 2317 991 2371 quum
1004 2316 1126 2371 praeser-

209 2391 261 2445 tim
275 2392 385 2445 minime
397 2395 451 2447 siut
464 2395 556 2462 ignota
570 2405 598 2449 et
610 2396 735 2448 obscura
771 2395 884 2448 Monere
899 2395 963 2448 satis
977 2405 1028 2460 est,
1047 2412 1124 2447 men·

161 2546 168 2555 .
207 2485 256 2539 tiri
270 2482 456 2557 hyperbolen,
483 2507 535 2543 nec
550 2491 607 2555 ita,
635 2500 665 2544 ut
679 2491 823 2543 mendacio
837 2490 932 2543 saltere
948 2491 1024 2543 velit.
1060 2490 1125 2560 Quo

179 2622 185 2631 .
209 2584 293 2650 magis
316 2581 480 2637 intuendum
501 2597 558 2652 est,
586 2605 732 2659 quousque
752 2587 850 2639 deceat
872 2587 1021 2650 extollere,
1048 2583 1125 2657 quod

209 2677 290 2730 nobis
317 2698 372 2732 nun
398 2682 525 2735 creditur.
563 2684 690 2737 Pervenit
711 2682 780 2735 haec
795 2701 835 2734 res
852 2680 1070 2752 frequentissime
1090 2678 1128 2732 nd

210 2771 310 2840 risum
330 2775 394 2845 qui,
414 2777 435 2826 si
450 2786 529 2846 aptus
542 2788 600 2842 est,
620 2778 799 2842 urbanitatis,
817 2778 858 2830 ain
875 2777 971 2840 aliter,
991 2775 1126 2828 stultitiae

210 2884 313 2943 nomen
335 2869 503 2941 adsequitur.
540 2873 588 2925 Est
609 2881 702 2925 autern
725 2873 753 2924 in
774 2892 841 2935 risu,
869 2873 951 2940 vulgo
970 2887 1082 2941 quoque
1098 2876 1128 2922 et

211 2963 285 3017 inter
301 2965 470 3030 ineruditos,
500 2975 528 3019 et
543 2968 616 3037 apud
630 2967 761 3031 rusticos,
790 2965 1013 3038 videlicetquod
1029 2972 1128 3016 natum

213 3068 255 3114 est
269 3060 395 3114 omnibus
409 3063 527 3130 augendi
540 3082 581 3116 ros
594 3063 637 3116 vel
654 3063 795 3115 minuendi
811 3063 945 3132 cupiditas
959 3061 1054 3121 insita,
1074 3073 1128 3111 nee

211 3155 358 3227 quisquam
379 3176 441 3211 vero
465 3168 611 3213 contentus
636 3167 684 3212 est.
723 3159 776 3210 Sed
798 3158 964 3224 ignoscitur,
991 3158 1129 3228 quianon

213 3252 382 3306 affirmamus.
420 3256 491 3306 Tum
513 3267 554 3309 est
575 3255 726 3327 hyperbole
748 3255 848 3317 virtus,
878 3272 963 3325 quum
986 3272 1028 3306 res
1052 3254 1127 3324 ipsa,

214 3346 249 3401 de
266 3366 321 3419 qua
335 3349 507 3421 loquendum
523 3361 577 3413 est,
601 3351 753 3402 naturalem
768 3350 880 3400 modum
895 3348 1016 3402 excessit„
1055 3348 1130 3400 Con·

184 3426 187 3433 ¹
215 3444 323 3495 ceditur
339 3445 410 3496 enim
425 3446 540 3516 aurplius
555 3446 665 3510 dicere,
686 3447 751 3517 quia
768 3445 833 3509 dici,
853 3454 988 3516 quantum
1003 3452 1054 3509 est,
1072 3460 1129 3497 non

214 3547 320 3609 potest3
341 3541 494 3612 meliusque
512 3542 600 3606 ultra,
620 3560 702 3613 quam
720 3542 805 3605 citro,
825 3550 879 3592 stat
893 3539 988 3594 oratio.
1008 3560 1041 3577 ··

355 3698 460 3752 Cicero.
496 3699 555 3769 (De
571 3707 638 3752 orat.
654 3701 706 3751 111.
722 3714 744 3750 c.
762 3699 796 3753 38
808 3693 904 3770 seqq.)

166 3800 170 3809 ⁸
194 3816 198 3821 '
266 3815 332 3869 Tria
345 3827 409 3871 sunt
423 3819 452 3870 in
466 3817 548 3872 verbo
562 3818 688 3888 simplici,
708 3835 780 3889 quae
795 3825 885 3869 orator
896 3815 1000 3869 adierat
1014 3814 1049 3868 ad
1062 3814 1129 3868 illu·

215 3912 354 3965 sitandam
378 3923 462 3985 atque
492 3915 676 3967 exornandam
697 3912 863 3965 orationem:
896 3921 946 3965 aut
964 3911 1128 3965 inusitatum

216 4006 346 4071 verbum,
374 4018 423 4061 aut
443 4021 589 4073 novatum,
622 4018 671 4062 aut
691 4008 867 4061 translatum.
889 4037 920 4049 ·-
944 4036 976 4049 -
1019 4005 1129 4060 Tertius

217 4102 314 4158 modus
328 4104 520 4178 transferendi
533 4105 608 4161 verbi
623 4106 681 4159 lato
697 4113 793 4178 patet,
823 4122 906 4177 quem
922 4102 1069 4160 necessitas
1084 4114 1130 4167 ge-
