2610 4800
617 367 674 443 52

146 564 213 629 uile
231 571 309 627 erat.
352 563 391 626 In
408 562 601 648 quibusdam
616 564 700 625 ratio
714 553 964 629 manifestarent.
1014 566 1147 633 Risimus

148 684 183 737 et
199 671 314 735 merito
338 693 444 756 nuper
462 684 612 757 poetam,
636 672 694 756 qui
714 671 858 735 dixerat:
877 671 904 750 *)
940 742 942 746 Α

297 802 473 884 Praelixtam
495 831 526 882 in
548 831 618 884 cirta
639 847 728 883 mures
748 847 842 884 rosere
865 829 1007 895 consilli,
1087 830 1089 835 ’

108 1026 109 1030 ¹
149 955 193 1019 At
213 955 344 1040 Virgilii
366 957 521 1019 miramur
541 957 646 1019 illud:

208 1178 211 1183 Ι
297 1127 329 1140 -
367 1080 398 1141 ·-'
436 1127 469 1142 -
506 1127 539 1139 —-
573 1117 654 1172 saepe
678 1099 791 1167 exiguus
813 1096 936 1170 must)

105 1224 110 1293 [
146 1239 230 1303 Nam
246 1240 414 1322 epitheton
436 1241 589 1324 exiguus,
610 1249 721 1325 aptum
743 1242 929 1325 proprium,
954 1244 1101 1327 effecit,
1121 1268 1148 1311 ue

147 1349 223 1435 plus
243 1358 524 1434 exspectaremus,
548 1361 581 1412 et
597 1371 690 1411 casus
707 1351 878 1434 singularis
897 1353 1003 1436 magis
1022 1355 1148 1431 decuit;

150 1466 183 1521 et
204 1456 349 1519 clausula
365 1458 434 1543 ipsa
455 1457 554 1525 unius
577 1457 736 1542 syllabae,
761 1481 826 1520 non
848 1460 995 1539 usitata,
1030 1464 1148 1529 addidit

147 1552 293 1651 gratiam.
334 1567 484 1631 Imitatus
508 1579 558 1630 est
575 1565 687 1650 itaque
706 1578 885 1650 utrumque
901 1568 1095 1637 Horatius».

424 1717 563 1770 Nascetur
583 1713 721 1768 ridiculus
741 1731 801 1768 mus
814 1713 874 1786 ***).
924 1772 927 1778 ⁸

121 1864 216 1946 ‘Nee
231 1881 376 1967 augenda
388 1903 515 1966 semper
530 1881 652 1959 oratio,
676 1880 734 1945 sed
748 1880 968 1944 submittenda
983 1905 1151 1950 nonnum·

42 1995 44 1999 ’
148 2012 247 2079 quam
270 2002 332 2054 est.
356 2044 358 2048 .
383 1990 461 2053 Vim
486 1989 583 2050 rebus
610 1989 785 2073 aliquando
816 2000 848 2052 et
877 1990 946 2073 ipsu
973 1996 1151 2060 verborum

146 2097 315 2160 humilitas
339 2097 461 2159 aufere
734 2084 738 2093 ‘

152 2260 155 2267 .
212 2208 323 2284 Quum
344 2204 814 2288 sintautemverbapropria‚
846 2206 939 2285 licta,
971 2212 1151 2281 translatu

147 2311 290 2399 propriis
314 2312 504 2396 dignitatem
521 2314 577 2377 dat
595 2336 789 2390 auriqurras.
831 2316 978 2397 Namque
1000 2329 1040 2382 et
1064 2342 1153 2383 saue·

148 2421 269 2486 tiorem
286 2431 320 2484 et
336 2423 436 2505 magis
459 2422 679 2484 admirabilem
696 2423 824 2484 faciunt
840 2424 1047 2504 orationem,
1087 2427 1154 2513 qui·

149 2530 211 2592 bus
228 2551 293 2592 non
312 2529 451 2613 quilibet
465 2531 572 2592 fuerat
588 2553 707 2592 usurus
723 2531 811 2609 ****).
830 2567 869 2579 -
886 2566 925 2578 -
966 2532 1035 2594 Sed
1060 2549 1152 2600 uteu-

149 2637 230 2699 dum
253 2637 369 2716 modo,
405 2659 465 2698 uec
483 2659 522 2699 ex
540 2636 663 2698 ultimis
677 2639 826 2703 ¹tenebris
841 2637 1029 2722 repetenda.
1051 2679 1102 2733 ...-
1118 2678 1152 2695 ..

151 2765 307 2822 rtueuau,
337 2753 376 2805 ut
393 2745 498 2828 primo
516 2744 600 2808 libro
620 2749 656 2826 †)
673 2745 759 2825 dixi,
792 2747 926 2809 Graecis
946 2748 1051 2832 magis
1077 2775 1153 2815 con-

152 2880 490 2899 m

158 2992 163 3001 ’
184 2976 210 3047 “)
235 2977 305 3050 Quis
321 2979 406 3032 luerit
421 2978 473 3032 iste
488 2987 586 3052 poeta,
607 2998 642 3034 ne
658 2980 819 3046 conjectura
833 2977 945 3050 quidem
960 2997 1060 3036 eruere
1078 2986 1151 3042 ticet

177 3071 216 3141 ”l
237 3075 312 3146 Virg.
334 3077 431 3143 Georg.
457 3077 478 3130 1.
500 3093 526 3129 v.
552 3080 608 3131 181.

97 3212 101 3225 ,
158 3165 213 3237 m)
239 3166 303 3223 Hor.
323 3169 365 3222 Ad
386 3169 476 3225 Pimn.
498 3189 523 3223 v.
549 3166 607 3236 ¹39ss

152 3260 219 3332 ma)
241 3263 284 3331 De
305 3264 471 3335 antiquitate
493 3261 637 3314 verborum
657 3261 691 3315 cf.
712 3261 732 3315 l.
753 3264 775 3315 1.
798 3277 822 3317 c.
843 3264 869 3315 6.

187 3356 217 3427 †)
241 3359 272 3412 L.
288 3359 310 3409 l.
324 3371 382 3427 cap.
398 3359 421 3410 5.
436 3358 459 3422 5.
474 3359 584 3424 70-73.
600 3355 647 3408 ubi
661 3357 700 3410 eie
715 3358 827 3425 legitur:
846 3358 966 3429 Propria
980 3368 1046 3412 suut
1058 3362 1151 3427 verba,

239 3469 304 3506 cum
326 3451 355 3504 id
379 3450 548 3519 significant,
581 3451 610 3504 iu
636 3454 712 3525 quad
734 3454 848 3525 primum
870 3453 1048 3506 denominata
1070 3467 1150 3525 eunt,

241 3548 412 3611 translata,
435 3564 499 3601 cum
524 3546 607 3599 alium
630 3559 728 3602 natura
750 3549 944 3613 intellectum,
978 3549 1066 3603 alium
1090 3553 1153 3607 loco

241 3642 382 3710 praebent
420 3642 532 3696 Usitatis
548 3643 636 3696 tutius
654 3645 772 3712 utimum
796 3662 866 3696 nova
884 3662 939 3697 uon
957 3644 1014 3697 sine
1031 3649 1155 3717 quiedam

242 3735 366 3808 periculo
383 3739 515 3808 fingimus.
553 3738 622 3791 Nam
639 3740 661 3790 ai
678 3749 788 3811 recepta
807 3748 873 3792 suut
889 3739 1024 3793 modicam
1040 3724 1155 3798 laudem

244 3827 373 3882 adferunt
394 3835 523 3903 orationi;
550 3833 693 3906 repudiata
709 3834 792 3887 etiam
809 3834 839 3886 iu
856 3836 931 3903 jocos
947 3844 1059 3888 exeunt
1099 3818 1156 3890 Au·

243 3926 367 3980 deudum
383 3935 489 3995 tamen,
508 3949 628 4004 namque
644 3940 676 3983 ut
692 3929 787 3984 Cicero
803 3931 856 3994 ait,
877 3930 959 3984 etiam
978 3947 1050 4003 quae
1066 3933 1155 4002 primo

245 4021 313 4074 dum
327 4021 388 4073 uisu
407 4034 485 4087 eunt,
509 4043 561 4078 usu
577 4025 748 4081 molliuntur.
783 4027 840 4081 Sed
861 4026 970 4079 minime
989 4025 1068 4079 nobis
1089 4045 1157 4081 eou-
