2610 4800
581 373 675 481 {so

146 606 217 689 ipso
234 609 412 687 patetliest
429 588 635 686 conformatio
652 601 806 690 quaedam
825 585 979 668 orationis
989 650 1002 681 ,
1024 622 1146 672 remota

146 715 173 776 α’
184 714 347 774 communi
366 728 395 775 et
417 717 556 795 primum
576 734 608 773 se
634 714 783 796 afferesne
810 717 941 776 tutione.
986 719 1123 796 Quare'
1114 740 1144 778 m

146 820 251 904 tropis
267 832 438 904 ponuntur
456 821 549 882 verba
570 819 632 879 alia
649 843 709 904 pro
729 820 820 898 aliis,
844 833 882 884 ut
901 823 934 883 in
954 831 1144 913 μεταφορᾷ,

147 928 358 1011 peturanum,
399 928 650 1012 ἀντονομασίᾳ,
691 922 902 1012 pertitam,
946 933 1145 1017 συνεκδοχῇ,

146 1035 377 1119 καταχρησει,
400 1036 604 1125 ἀλληγορίᾳ,
625 1036 819 1119 plerumque
840 1041 1014 1123 ὑπερβολῇ.
1058 1042 1146 1102 Nam·

148 1163 213 1226 que
246 1146 279 1204 et
310 1143 407 1204 rebus
437 1143 474 1202 fit
503 1156 537 1207 et
564 1145 672 1206 verbis
698 1145 735 1223 *).
763 1180 805 1196 ...
834 1184 875 1196 —·
926 1147 1014 1209 Illud
1042 1155 1144 1212 tamen

148 1307 535 1321 ——u-—u—

150 1469 152 1473 .
181 1398 208 1471 ²)
231 1402 273 1456 De
294 1394 339 1454 'his
368 1401 523 1474 ceterisque
552 1401 636 1472 tropis
663 1402 811 1474 praecipua
842 1411 988 1476 praecepta
1021 1421 1088 1459 cum
1119 1425 1148 1462 tx
1193 1382 1195 1405 ἰ

189 1490 207 1561 J
235 1497 371 1568 Quintil,
391 1507 450 1550 turn
466 1517 499 1550 ex
518 1497 576 1550 aliis
590 1497 748 1551 auctoribus
764 1498 809 1550 hic
825 1493 999 1553 adnotentur.
1025 1502 1148 1575 Inprimis

211 1588 215 1595 ¹
236 1595 330 1662 Quint.
356 1595 413 1665 ipse
437 1595 634 1664 comparandus
635 1634 651 1676 ,⁹
687 1595 735 1664 qni
759 1594 793 1665 (l.
809 1597 886 1646 VIII.
905 1613 927 1648 c.
941 1597 967 1650 6.
983 1595 1036 1664 Μ
1056 1593 1149 1670 seqq.)

234 1687 305 1751 haec
332 1688 367 1742 de
395 1689 426 1742 iis
452 1690 615 1759 explicatius
638 1685 737 1749 ‹locet't
774 1690 940 1760 Incipiamus
961 1690 995 1742 ab
1017 1709 1052 1747 eo
1073 1693 1148 1765 (scil

232 1781 332 1855 tropo)
351 1787 399 1856 qui
414 1803 500 1856 quum
516 1786 751 1856 frequentissimus
766 1795 823 1851 est,
849 1766 909 1838 turn
924 1787 1006 1859 louge
1021 1779 1151 1858 pulcher·

235 1881 335 1942 rimus,
354 1881 569 1933 translationem
589 1882 669 1946 dico,
699 1900 770 1953 quae
786 1887 945 1957 μεταφορὰ
960 1900 1056 1951 graece
1072 1901 1152 1940 voca·

176 2018 179 2023 .
232 1983 287 2031 tur.
325 1978 405 2048 Quae
426 1977 538 2048 quirlem
559 1995 646 2048 quum
664 1977 704 2031 ita
726 1956 822 2031 est'ab
842 1979 900 2048 ipsa
921 1978 999 2030 nobis
1023 1996 1152 2034 concessa

234 2081 350 2135 natura,
371 2081 403 2138 ut
417 2071 523 2124 indocti
537 2090 648 2143 quoque
663 2089 695 2124 ac
709 2090 765 2125 non
780 2075 929 2127 sentientes
946 2092 977 2126 ea
994 2073 1153 2146 frequentet

233 2175 366 2232 utantur3
396 2175 456 2216 tum
477 2167 655 2233 itajucunda
678 2177 763 2251 atque
786 2168 893 2234 nitida,
929 2169 1004 2220 utin
1027 2171 1152 2225 otationc

235 2260 391 2331 quamlibet
411 2260 501 2325 clara,
534 2262 642 2333 proprio
662 2272 756 2316 tamen
776 2264 880 2316 lumine
900 2264 1018 2317 eluceat.
1050 2262 1153 2338 Neque

237 2355 311 2408 enim
331 2355 396 2407 rulo
381 2355 447 2424 garis
471 2375 545 2422 esse,
580 2374 633 2410 nec
654 2357 786 2423 humilis,
821 2364 873 2412 nec
901 2359 1042 2425 insuavis,
1077 2369 1154 2415 recte

237 2451 319 2505 modo
343 2451 466 2516 adscita,
493 2461 591 2522 potest.
636 2453 748 2524 Copiam
771 2446 888 2526 'quoque
916 2456 1046 2508 sermonis
1073 2465 1155 2525 auget

159 2576 166 2610 χ
237 2549 436 2618 permutando,
465 2557 514 2600 arrt
536 2549 688 2613 mutando,
714 2549 789 2620 quod
811 2549 986 2603 nonhabet:
1021 2550 1157 2624 quodque

239 2640 429 2695 difficillimum
452 2652 510 2707 est,
539 2653 676 2714 praestat,
703 2663 738 2698 ne
759 2645 810 2697 ulli
828 2646 867 2698 rei
889 2665 989 2700 nomen
1004 2640 1101 2700 deesse
1118 2645 1158 2701 vi·

238 2736 343 2792 deutur.
381 2738 555 2790 Transfertur
576 2757 638 2806 ergo
661 2757 762 2793 nomeu
779 2750 827 2796 aut
839 2742 952 2794 verbum
974 2759 1007 2794 ex
1023 2759 1056 2794 eo
1071 2739 1175 2808 loco,'

237 2831 337 2904 inquo
353 2833 492 2903 proprium
507 2841 567 2898 est,
588 2833 616 2886 in
633 2852 713 2899 erim,
734 2836 762 2887 in
777 2814 832 2907 quo
848 2844 896 2887 urit
912 2832 1049 2907 proprium
1065 2835 1155 2902 deest,

238 2937 288 2980 aut
311 2929 473 2982 translatum
490 2929 597 3001 proprio
613 2932 711 2983 melius
735 2941 783 2984 est
821 2932 854 2984 Id
869 2933 998 2996 iacimus,
1019 2941 1069 2985 aut
1088 2934 1156 3005 quia

236 3040 348 3079 necesse
366 3033 426 3090 est,
454 3034 504 3077 aut
527 3025 592 3097 quia
614 3026 828 3094 significantius,
863 3037 913 3080 aut
931 3026 980 3099 (ut
994 3025 1070 3096 dixi)
1088 3029 1155 3099 quia

237 3120 390 3175 decentius.
425 3121 479 3173 Ubi
493 3121 562 3173 nihil
578 3121 675 3175 horum
690 3123 855 3192 praestabit,
877 3123 953 3195 quod
966 3123 1155 3189 transferetur,

237 3216 413 3288 improprium
436 3218 494 3272 erit.
539 3219 709 3271 Necessitate
731 3219 824 3272 rustici
846 3219 944 3272 dicunt
970 3236 1104 3288 gemmam
1127 3220 1157 3271 in

239 3306 342 3364 vitibus
367 3310 455 3383 (quid
472 3313 545 3366 enim
560 3310 684 3364 dicerent
699 3312 816 3384 aliud't)
834 3324 863 3368 et
879 3315 958 3366 sitire
980 3325 1100 3385 segetes,
1128 3321 1158 3367 et

234 3405 347 3479 fructus
368 3405 510 3459 laborare.
546 3405 715 3460 Necessitate
736 3427 803 3473 nos,
832 3408 931 3461 durum
951 3394 1087 3479 hominem
1105 3417 1158 3462 aut

240 3518 380 3572 asperum.
419 3500 482 3553 Non
505 3502 577 3553 enirn
599 3486 736 3573 preprium
760 3513 834 3566 erat,
870 3503 946 3575 quod
968 3503 1094 3555 daremus
1113 3503 1158 3556 his

240 3596 458 3662 adlectionibus,
478 3614 586 3650 nomen.
621 3599 698 3664 Jam,
719 3601 859 3652 incensam
875 3600 938 3650 ira:
957 3609 985 3651 et
997 3599 1159 3669 inflamma·

243 3701 299 3743 tum
326 3690 501 3764 cupiditate:
534 3703 562 3747 ct
590 3694 696 3765 lapsum
722 3711 838 3753 errore,
869 3693 1038 3760 significandi
1061 3693 1157 3761 gratia.

241 3783 405 3845 Nililenim
418 3789 515 3842 horum
530 3788 584 3843 suis
599 3788 708 3853 verbis,
734 3780 817 3861 quam
836 3787 877 3839 his
893 3789 1043 3852 arcessitis,
1071 3789 1159 3858 magis

141 3908 155 3957 '.
177 3910 180 3917 ·
242 3882 380 3952 proprium
395 3894 461 3939 erat.
496 3889 530 3940 ln
543 3895 633 3940 totum
650 3894 742 3959 autem
760 3883 917 3954 metaphora
932 3884 1039 3938 brevior
1061 3893 1103 3938 est
1120 3886 1160 3937 si·

242 3974 385 4029 militatur
416 3981 621 4053 coquedistat,
647 3978 786 4050 quodilla
803 3981 1045 4050 comparaturroi‚
1072 3996 1159 4051 quarn

242 4069 371 4127 uolumus
386 4076 551 4148 exprimere3
579 4075 648 4129 haec
661 4092 709 4147 pro
724 4072 781 4147 ipss
795 4093 824 4129 re
838 4075 946 4130 dicitur.
984 4074 1159 4148 Comparatio
