2610 4800
608 427 664 503 90

134 628 308 692 mediocris
323 629 411 690 inter
425 639 575 691 auctores
590 626 762 701 dissensio,
779 636 815 689 et
828 647 912 709 quae
927 627 978 689 vis
994 628 1132 691 nominis

144 767 465 784 μνη-*η*-

221 859 263 912 bis
277 877 364 930 quum
377 857 423 924 id,
443 858 519 930 quod
529 852 590 910 'uno
602 867 652 911 aut
665 856 841 928 paucioribus
860 866 935 912 certe
953 857 1008 912 dici
1030 869 1130 932 potest,

131 1009 133 1014 ,
218 941 395 1025 explicatur,
421 955 592 1030 περίφρασιν
605 962 723 1017 vocant,
751 953 1072 1026 circuitumloquendi,
1090 956 1130 1028 qui

222 1067 430 1122 nonnumquam
445 1050 636 1105 necessitatem
651 1048 750 1127 habet,
778 1050 887 1121 quoties
907 1049 986 1121 dictu
1007 1049 1130 1104 deformia

222 1146 323 1217 operit3
345 1155 376 1198 ut
388 1140 607 1198 Sallustiuss'ad
623 1144 759 1225 requisito
774 1158 903 1197 naturae.
931 1145 1045 1199 Interim
1062 1161 1130 1199 orna·

222 1248 283 1294 tum
297 1240 368 1312 petit
381 1240 488 1304 solum,
516 1240 564 1310 qui
582 1248 623 1292 est
642 1240 716 1310 apud
730 1250 824 1311 poetas
841 1238 1088 1311 frequentissimus.
1104 1268 1130 1280 -

139 1344 144 1365 ¹
169 1328 173 1335 ¹
222 1337 258 1388 Er
279 1336 352 1406 apud
381 1345 499 1387 oratores
525 1353 581 1386 non
601 1353 691 1399 rarus,
725 1353 829 1406 semper
854 1345 947 1388 tamen
974 1335 1131 1389 adstrictior.

222 1431 368 1502 Quidquid
390 1432 463 1483 enim
485 1431 628 1499 significari
647 1429 756 1482 brevius
777 1439 884 1500 potest,
913 1439 1024 1484 etcum
1043 1426 1133 1484 ornatu

222 1525 306 1580 latius
328 1526 498 1590 ostenditur,
533 1527 701 1602 περίφρασις
725 1533 773 1578 est.
799 1552 844 1584 -τ-
871 1525 966 1595 Quum
989 1525 1019 1576 in
1044 1525 1135 1585 vitium

195 1686 198 1691 ⁸
219 1621 331 1686 incidit,
349 1620 554 1698 περισσολογία
568 1622 677 1674 dicitur.
714 1619 814 1673 Obstat
831 1621 913 1685 enim,
929 1619 1071 1692 quidquid
1087 1637 1136 1673 noa

221 1717 343 1786 adjuvat.
377 1717 556 1801 ‘Tnepssarou
571 1734 701 1788 quoque,
721 1715 749 1766 id
766 1723 824 1779 est,
846 1714 922 1769 verbi
940 1717 1138 1786 transgressio-

222 1830 301 1875 nem,
322 1829 404 1883 quam
417 1811 574 1881 frequenter
591 1812 659 1863 ratio
675 1811 883 1880 comparationis
899 1819 927 1864 et
944 1810 1028 1863 dacor
1043 1811 1136 1884 poscit,

221 1923 279 1961 non
294 1907 429 1960 immerito
448 1905 520 1969 inter
534 1885 807 1958 virtuteshabemus.
853 1907 898 1958 Fit
918 1906 991 1959 enim
1013 1906 1138 1980 frequen·

219 2001 323 2055 tissime
339 2019 450 2075 aspera,
478 2009 507 2053 et
521 2000 603 2064 dura,
633 2009 662 2052 et
678 2000 829 2065 dissoluta,
854 2009 882 2054 et
896 2000 974 2053 hians
988 2001 1096 2068 oratio,
1120 1998 1139 2054 si

223 2097 259 2148 ad
271 2096 464 2159 necessitatem
482 2095 582 2146 ordinis
598 2095 640 2146 sui
653 2093 735 2148 verba
750 2096 923 2163 redigantur,
945 2105 988 2159 et,
1006 2106 1038 2149 ut
1055 2095 1139 2169 quod·

225 2190 399 2260 (praemitur,
418 2189 457 2240 ita
470 2189 616 2259 proximis,
637 2190 718 2241 etiarn
733 2189 755 2242 si
771 2189 868 2242 vinciri
884 2208 939 2242 non
956 2199 1068 2260 potest,
1096 2190 1140 2244 ad·

223 2282 333 2351 ligetur.
377 2284 534 2347 Differenda
565 2284 647 2350 igitur
674 2284 830 2354 quaedam,
871 2294 900 2338 et
927 2286 1139 2356 praesumenda,

226 2383 312 2448 atque
336 2387 367 2430 ut
389 2379 418 2431 in
444 2378 586 2431 structuris
608 2379 731 2450 lapidum
756 2379 959 2449 impolitorum,
986 2377 1068 2445 loco,
1089 2397 1141 2452 quo

224 2474 370 2537 convenit,
405 2474 536 2546 quodque
558 2475 727 2545 ponendum.
763 2474 826 2526 Non
850 2475 922 2527 enim
939 2474 1070 2528 'recidere
1093 2493 1140 2539 ea,

225 2585 277 2622 nec
293 2567 380 2640 polire
395 2586 554 2639 possumus,
575 2588 647 2641 quae
664 2578 852 2637 coagmentata
870 2588 898 2622 se
915 2571 997 2637 magis
1015 2571 1141 2639 jungant,

225 2664 274 2718 sed
288 2664 424 2718 utendum
444 2664 503 2739 his,
530 2665 623 2736 qualia
638 2675 718 2729 sunt,
747 2665 947 2737 eligendaeque
963 2664 1049 2718 sedes.
1086 2665 1144 2719 Nec

225 2758 304 2810 aliud
316 2767 407 2829 potest
420 2776 572 2812 sermonem
587 2760 677 2813 facere
689 2757 874 2825 numerosum,
893 2778 976 2832 quam
990 2770 1144 2830 opportuna

226 2853 328 2906 ordinis
357 2853 482 2908 mutatio.
525 2855 603 2927 (vid.
621 2855 678 2924 huj.
702 2873 774 2927 oper.
790 2859 813 2923 i.
831 2853 890 2925 ao.)
909 2883 941 2896 ·-
977 2855 1080 2908 Verum
1096 2854 1142 2919 id,

224 2967 313 3021 quum
337 2949 445 3004 duobus
470 2949 559 3004 verbis
583 2951 632 3015 fir,
665 2952 840 3025 ἀναστροφὴ
868 2949 986 3014 dicitur,
1020 2951 1143 3003 reversio

224 3043 376 3116 quaedam,
397 3044 490 3117 qualia
504 3055 569 3124 suut
583 3046 679 3110 vulgo:
713 3061 833 3103 mecam,
852 3059 961 3108 secum,·
989 3043 1064 3114 apud
1085 3061 1144 3097 ora-

224 3150 296 3193 tores
320 3150 348 3195 et
372 3141 527 3194 historicos:
557 3141 658 3215 paribus
680 3139 713 3194 de
739 3138 827 3192 rebus.
868 3137 904 3190 dt
928 3157 1014 3209 quum
1038 3140 1145 3193 decoris

225 3238 309 3303 gratia
324 3236 484 3289 distrahitur
499 3236 605 3305 longius
619 3235 750 3296 verbum,
777 3231 882 3303 proprie
899 3231 1044 3304 hyperbati
1064 3242 1145 3288 tenet

225 3348 343 3398 nomen,
372 3340 419 3383 ut:
458 3328 669 3390 Animadverti,
692 3326 821 3401 judices,
847 3347 952 3385 omnem
970 3316 1144 3383 accusatoris

227 3426 384 3478 orationem
398 3426 429 3475 in
444 3422 514 3478 duas
528 3421 645 3476 divisam
662 3436 718 3475 esse
732 3434 834 3491 portes.
859 3423 934 3493 (Cic.
949 3442 986 3493 pr.
1002 3423 1142 3478 Cluentio.

226 3535 250 3575 c.
271 3519 311 3590 r.)
343 3518 414 3571 Nam
436 3520 468 3570 in
490 3515 559 3570 draus
579 3531 675 3588 partes
696 3515 812 3570 divisam
834 3535 909 3580 esse,
937 3527 1043 3579 rectum
1068 3530 1143 3586 erat,

174 3644 181 3652 ·
226 3615 275 3668 ted
299 3617 398 3669 durum
419 3624 446 3668 ct
467 3614 626 3666 incomtum.
652 3642 684 3653 -
713 3641 744 3652 -
788 3612 965 3684 Hyperbolen
990 3614 1145 3671 audacioris

227 3722 337 3766 ornatus
352 3728 456 3766 summo
471 3696 533 3763 loco
551 3709 637 3782 posui.
675 3709 722 3761 Est
739 3708 809 3762 haec
831 3710 981 3761 ementiena
1001 3711 1145 3784 superjec-

229 3803 278 3856 tio.
313 3807 406 3860 Virtus
428 3807 485 3874 ejus
507 3823 542 3860 ex
560 3807 666 3860 diverso
688 3821 736 3874 par
757 3803 875 3872 augendi
888 3814 973 3876 atque
990 3807 1144 3860 minuendi.

228 3895 275 3951 Fit
287 3897 411 3970 pluribus
425 3902 520 3956 modis,
556 3906 612 3955 Aut
628 3899 699 3954 enim
715 3898 777 3969 plus
791 3899 865 3953 sacto
878 3900 1010 3954 dicimus:

457 3998 620 4068 Geminique
640 3995 787 4075 minantur

235 4080 252 4109 Ι
289 4089 324 4145 In
342 4089 449 4143 coslum
466 4093 581 4162 scopuli.
617 4090 709 4160 (i'irg.
724 4091 792 4146 Aen.-
807 4093 829 4143 1.
847 4088 924 4158 162.)
1018 4130 1021 4134 »
