2610 4800
608 418 691 495 tlt

146 612 211 680 boc
227 616 356 709 dicere..
386 617 475 696 Quas
493 615 690 699 φαντασίας-
705 616 822 680 Graeci
840 626 974 700 vocant,
999 642 1064 686 nos
1082 643 1143 687 sese

148 725 291 790 visiones
313 708 614 808 adpellemusrper
634 746 715 807 quas
736 726 892 809 imagines
912 750 1027 790 rerum
1048 732 1144 795 absen-

76 862 84 881 ‹
148 832 233 895 tium
253 826 300 896 ita
316 844 610 916 repraesentantur
630 834 760 912 animo,
782 846 820 897 ut
841 857 895 896 eas
915 856 1059 901 cernere
1080 861 1146 901 ocu·

148 942 203 1018 lis,
223 947 261 1004 ac'
275 950 463 1025 praesentes
481 940 601 1003 habere
614 941 799 1003 videamus:
822 942 879 1004 hus
898 945 1060 1027 quisquis
1077 948 1146 1009 heus

150 1053 357 1132 conceperit,
381 1049 408 1108 is
425 1049 487 1111 erit
506 1049 536 1108 in
555 1049 736 1112 adfectibus
755 1052 1017 1133 potentissimus.
1050 1050 1146 1118 ¹llum

151 1159 283 1241 quidam
301 1157 424 1239 'dicunt
448 1160 740 1238 εὐφαντασίωτον,
770 1159 826 1242 qui
849 1136 1008 1238 sibi'res,
1041 1183 1145 1238 voees,

150 1278 260 1342 actus,
285 1266 467 1328 secundum
486 1287 598 1326 verum
619 1267 741 1346 optime
764 1268 882 1349 finget3
908 1269 1000 1351 quod
1021 1270 1167 1357 quiden

152 1373 245 1434 nobis
268 1374 455 1434 volentibus
477 1372 573 1434 facile
596 1374 774 1456 continget.
816 1376 897 1435 Nam
917 1385 955 1435 ut
979 1376 1146 1439 interulis

150 1482 331 1542 animorum
360 1489 395 1542 et
421 1501 493 1564 spes
522 1480 636 1542 inanes
664 1492 696 1543 et
722 1481 813 1543 velut
839 1483 965 1543 somnia
994 1485 1146 1567 quaedam

148 1588 374 1670 vigilantium,
400 1587 444 1647 itu
468 1610 526 1648 nos
550 1586 630 1666 hae,
655 1588 694 1650 de
718 1589 836 1671 quibus
861 1591 1054 1673 loquimur,
1079 1591 1147 1655 ims-

57 1774 68 1785 „
148 1695 239 1779 gines
261 1706 525 1778 prosequuntur,
556 1707 593 1758 ut
614 1696 833 1780 peregrinari,
863 1676 1037 1781 navigare,
1062 1722 1147 1786 pros·

148 1802 242 1880 llari,
275 1803 413 1886 populos
437 1803 589 1885 adloqui,
621 1801 827 1881 divitiarum,
858 1827 938 1888 quas
960 1792 1039 1867 non
1057 1808 1146 1871 bebe-

147 1933 238 1988 mus,
261 1933 358 1971 usum
375 1911 544 1972 videsimur
566 1910 754 1995 disponere,
777 1913 1015 1996 necucogitur'e,
1040 1915 1145 1979 sedis·

151 2040 240 2081 cere:
262 2018 325 2081 hoc
337 2019 435 2079 animi
448 2018 566 2081 vitium
582 2019 621 2079 ad
633 2020 808 2082 utilitatem
824 2042 888 2080 non
898 2022 1145 2087 transferemus!

146 2127 191 2190 At
205 2127 371 2188 hominem
391 2127 538 2187 occisum
557 2148 678 2211 queror
690 2154 698 2202 ;
729 2149 794 2188 non
813 2128 937 2204 omniu,
960 2120 1103 2211 quaein
1116 2152 1145 2195 rs

145 2235 313 2319 praesenti
343 2226 510 2309 accidisse⁸
535 2235 689 2321 credibile
714 2246 782 2314 e'st,
815 2237 849 2296 in
874 2236 981 2299 oculis
1006 2238 1144 2303 habebnt

148 2363 214 2402 non
236 2363 411 2426 percussor
433 2342 489 2404 ille
511 2343 639 2421 subitus
663 2345 834 2426 erumpet?
867 2366 932 2407 non
954 2356 1145 2429 expavescet

147 2447 413 2513 circumventus?
446 2450 659 2526 exclamabit,
691 2451 744 2511 vel
773 2452 915 2533 rogabit,
944 2453 999 2514 vel
1028 2452 1144 2538 fugisti

147 2580 215 2620 non
231 2559 421 2635 ferientem,
444 2582 510 2620 non
534 2558 762 2621 concidentem
781 2560 918 2621 videbo?
948 2583 1016 2622 non
1041 2566 1143 2635 animo

147 2666 300 2750 sanguis,
324 2677 357 2729 et
374 2667 499 2750 pallor,
523 2676 554 2729 et
573 2667 729 2749 gemitus,
752 2651 914 2739 extremus
932 2668 1083 2761 denique
1101 2690 1144 2733 ex·

147 2775 302 2858 spirantis
327 2775 435 2836 hiatus
463 2774 604 2863 insidet?
634 2774 841 2856 luseqdetur'
859 2777 1031 2862 ἐνάργεια,
1067 2798 1143 2863 quae

146 2904 165 2943 u
190 2884 347 2945 Cicerone
375 2886 542 2945 illustratio
571 2893 604 2945 et
631 2883 788 2943 evidentia
816 2884 1022 2963 nomipstur:
1064 2894 1143 2969 quse

146 3014 213 3053 non
233 3002 298 3051 tam
317 2991 426 3054 dicere
446 2992 596 3068 videtur,
621 3014 718 3075 quam
737 2991 924 3053 ostendere:
948 3003 981 3054 et
997 2991 1141 3075 adfectus

99 3094 112 3119 0

141 3135 507 3152 ———..-..—

231 3217 305 3280 tius,
325 3215 396 3268 illud
415 3225 508 3268 tamen
526 3217 577 3267 «in
597 3225 720 3268 nostram
739 3224 921 3287 potestatem»
940 3216 1043 3270 mendo
1063 3225 1139 3271 curet

228 3311 393 3374 Videamus,
427 3311 495 3382 quid
512 3311 584 3362 circa
604 3311 675 3362 hanc
694 3329 749 3363 rem
771 3290 876 3364 Gellius
894 3321 1023 3364 moneat:
1048 3314 1140 3385 Neque

179 3468 191 3485 ἱ
229 3406 420 3458 soloecismum
439 3423 495 3457 esse
514 3405 606 3457 aiebat
622 3405 723 3477 (scilic.
742 3407 844 3459 amicus
863 3406 964 3470 Gellii,
984 3386 1068 3460 homo
1085 3426 1140 3478 per·

192 3482 196 3487 ἱ
230 3519 313 3573 quam
330 3497 472 3568 eruditus)
487 3501 518 3549 iu
533 3512 691 3567 potestatem
698 3501 791 3572 sitisse
809 3501 966 3570 (quomodo
984 3502 1139 3557 Ciceronem

231 3596 330 3649 dixisse
352 3596 381 3646 in
404 3605 469 3646 orat.
495 3613 541 3663 pro
562 3594 612 3662 leg.
634 3595 748 3646 Manilia
770 3595 959 3666 testabatur),
992 3585 1025 3649 ut
1047 3598 1139 3663 vulgus

230 3691 410 3743 semidoctum
425 3699 516 3760 putat,
537 3690 595 3755 sed,
610 3690 829 3742 rationedictum
838 3702 913 3743 certa
928 3703 955 3743 et
965 3691 1060 3762 proba,
1079 3710 1139 3763 cou-

230 3764 378 3848 tendebut,
399 3803 454 3857 qus
470 3787 610 3838 et'Gracci
625 3786 663 3838 ita
679 3795 834 3837 uterentur:
859 3795 888 3838 ct
903 3786 1027 3852 Plautus,
1048 3786 1139 3841 verbo-

229 3895 290 3929 rum
307 3878 455 3936 latinorum
473 3882 703 3948 elegantissimus,
723 3881 752 3933 in
769 3880 967 3951 Amphitryone
985 3881 1072 3948 dixit,
1092 3901 1139 3936 nu-

228 3990 302 4025 mero
321 3973 387 4024 mihi
405 3977 436 4025 in
455 3990 570 4029 mentem
580 3977 659 4050 suit;
679 3994 748 4038 uon,
775 3983 807 4028 ut
824 3976 879 4028 dici
897 3976 1009 4031 solitum
1027 3987 1086 4045 cst,
1110 3980 1139 4029 ist

230 4080 319 4122 ments
343 4076 395 4121 ete.
420 4079 472 4125 ete.
516 4071 613 4141 (Noct.
635 4072 716 4125 ustie
739 4070 758 4122 1.
782 4072 803 4123 1.
826 4087 849 4125 c.
874 4070 916 4142 7.)
