2610 4800
604 431 703 545 aaa·

147 656 203 710 ea,
234 655 317 715 quae
341 633 404 692 sita
429 631 558 690 suntin
580 628 695 689 officiis
716 626 1029 710 atqaevirtutibust
1057 626 1120 701 alia,
1169 650 1172 717 p

146 740 233 822 qnod
258 737 380 835 aliquid
409 738 567 837 commodi
593 735 759 814 efficiunt,
792 747 829 797 ut
858 757 935 816 opes
964 743 996 796 et
1019 734 1121 818 copiae
1169 734 1172 801 i

148 850 271 907 Eorum
299 854 427 919 autem,
461 867 543 948 quae
567 855 702 927 propter
722 865 757 905 se
779 853 997 921 expetuntur,
1024 844 1122 926 partim
1168 814 1172 931 l

151 955 350 1015 honestate
342 975 429 1036 apsa,
452 941 570 1053 partim
595 951 824 1013 commoditate
855 950 961 1032 aliqua
989 963 1123 1032 expetun
1170 960 1172 967 '

148 1073 219 1123 tur.
262 1049 449 1123 Honestate
462 1083 518 1137 ea,
558 1082 640 1142 quae
668 1040 936 1144 proficiscantur
945 1058 1036 1120 al›''
1013 1080 1053 1119 us
1075 1057 1125 1119 rir-

147 1169 291 1241 tutibus
314 1168 355 1230 de
372 1169 489 1250 quibus
506 1168 615 1250 paullo
634 1179 710 1229 ante
729 1178 779 1227 est
799 1160 942 1229 dictum.
966 1188 1049 1249 quae
1065 1176 1127 1226 sunt

147 1277 416 1358 laudabiliaaipsa
435 1297 501 1359 iper
528 1298 571 1337 se.
615 1275 851 1336 commoditate
876 1285 985 1335 autem
1015 1274 1128 1356 aliqua,

147 1407 230 1466 qnae
250 1395 329 1445 sunt
349 1384 382 1443 in
402 1384 567 1465 eorporis,
592 1392 648 1445 aut
666 1384 817 1443 fortunae
834 1381 1126 1465 honis'expetendr.

147 1494 296 1569 Quorum
325 1490 388 1553 alia
412 1500 488 1551 sant
507 1491 596 1573 quasi
618 1488 855 1572 quodammodo
879 1509 953 1549 curn
972 1487 1129 1550 honestata

148 1580 341 1680 conjuncta,
366 1597 544 1674 atthonos,
568 1605 605 1657 ut
622 1596 738 1677 gloria-r
762 1596 824 1659 alia
838 1595 978 1668 diversa,
1001 1594 1129 1669 uniret,

145 1705 269 1780 formasa
292 1705 466 1779 valetudo,
490 1704 644 1765 nobilitas
657 1703 846 1780 ‚'divitiae,
871 1701 1046 1765 clientelae
1081 1706 1132 1765 Eat

150 1812 247 1875 ctiam
264 1812 358 1893 quasi
371 1811 527 1893 quaedam
543 1811 693 1872 materies
712 1792 855 1892 subjecta
869 1809 1048 1885 honestati,
1060 1830 1132 1892 qnae

148 1919 286 1979 maxime
293 1927 472 2000 spectatur
488 1918 521 1978 in
543 1917 704 1981 amicitiis.
747 1917 920 1981 Amicitiae
936 1926 1047 1981 autem
1064 1900 1136 1979 cari?

148 2039 224 2088 tate
243 2014 275 2093 el
304 2048 412 2089 amore
440 2036 631 2088 cernuntur.
674 2026 755 2087 Nam
786 2047 860 2086 cum
889 2025 1042 2102 deorum,
1074 2036 1133 2087 turo

146 2146 339 2218 parentum,
373 2137 560 2216 patriaeque
588 2134 718 2211 culturi
751 2154 929 2215 eorumque
954 2132 1133 2207 hominnm,

148 2264 203 2325 qua
221 2249 277 2301 aut
294 2241 474 2322 sapientia
499 2251 555 2301 aut
571 2241 684 2322 opibus
705 2238 889 2316 excellunt,
914 2239 955 2301 ad
971 2242 1132 2305 carrinatem

148 2347 264 2409 referri
290 2348 382 2408 solet.
426 2345 586 2429 Coniuges
612 2354 720 2408 autom
748 2356 781 2409 et
803 2346 985 2422 liheri‚,·et·
1019 2357 1136 2420 ratres,-

61 2508 65 2522 ,
149 2462 181 2514 et
198 2453 272 2529 alii,
294 2474 375 2534 qnos
394 2464 494 2529 usas,
517 2453 639 2521 familia
656 2455 802 2537 ritusque
819 2451 1012 2536 conjunxit,
1034 2476 1133 2537 quam·

148 2581 243 2642 quam
267 2561 365 2623 etiam
382 2560 517 2622 caritate
540 2560 626 2649 ipsa,
650 2570 757 2623 tamen
778 2582 888 2623 amore
902 2562 1046 2631 ‚maxime
1067 2583 1133 2625 con·

148 2668 306 2731 tinentur.
349 2671 386 2730 ln
410 2669 461 2730 his
484 2669 583 2752 igitur
603 2670 698 2748 rebus
720 2691 795 2730 cum
817 2670 904 2731 bona
927 2669 1013 2749 sint,
1047 2669 1133 2733 facile

149 2788 199 2840 est
221 2777 414 2854 intellectu,
437 2798 520 2859 quae
541 2778 608 2859 sint
628 2778 801 2857 contraria.
845 2777 941 2855 Quod
967 2777 996 2838 si
1017 2796 1134 2860 semper

149 2884 267 2967 optima
290 2884 401 2945 tenere
423 2905 611 2967 possemus,
643 2883 731 2943 haud
757 2906 856 2960 sane,
890 2867 1047 2967 quoniam
1072 2882 1135 2966 qui·

151 2991 224 3053 dem
248 3013 284 3052 ea
310 2987 480 3076 perspicua
504 3001 603 3071 suant,
636 2991 775 3052 consilio
806 2980 943 3071 maltum
965 3011 1135 3075 egeremus.

149 3099 212 3162 Sed
237 3099 328 3181 qnia-,¹
341 3100 559 3183 temporibus,
590 3121 672 3182 quae
701 3082 771 3161 vim·
792 3100 924 3178 *habent
936 3166 939 3171 ,
950 3101 1135 3173 maximam,

149 3228 302 3288 persaepe
330 3206 459 3283 evenit,
491 3216 529 3267 ut
552 3206 686 3269 utilitas
715 3230 790 3268 cum
821 3207 992 3277 honestate
1018 3217 1135 3280 certet,

150 3335 324 3395 earumque
353 3337 460 3375 rerum
489 3315 655 3375 eontentio
680 3315 870 3397 plerumque
892 3315 1136 3377 deliberationes

150 3421 267 3484 efficit:
303 3444 344 3482 ne
379 3434 436 3484 aut
466 3433 648 3504 opportuna
682 3434 813 3504 propter
840 3422 1056 3504 dignitatem,
1088 3430 1153 3485 aut.

149 3529 287 3590 honesta
320 3534 452 3612 propter·
482 3528 659 3590 utilitatem
688 3531 936 3612 relinquantur,
958 3518 1021 3591 ‘dd
1058 3530 1138 3591 lanne

152 3635 376 3698 difficultatem
403 3636 625 3720 explicandam
649 3649 823 3722 praecepta
846 3638 1035 3698 reseramus.¹
1083 3640 1137 3709 Et,

151 3745 304 3825 quoniam
325 3766 388 3805 non
409 3743 450 3825 ad
469 3744 637 3806 veritatem
661 3746 786 3822 solum,
804 3745 872 3806 sed
893 3744 990 3817 etiam
1011 3742 1055 3819 ,ad
1075 3732 1138 3827 opi-

145 3851 267 3911 niones
285 3874 406 3928 eorum,
430 3853 484 3934 qui
499 3853 648 3929 audiunt,
672 3853 943 3921 accommodanda
959 3826 1137 3915 esa'oratio:

155 3962 215 4018 hoc
234 3959 371 4040 primurn
390 3961 626 4042 intelligamus,
649 3952 817 4021 hominum
838 3960 902 4020 duo
919 3981 991 4023 esse
1007 3982 1135 4044 generat

152 4066 291 4129 alterum
309 4066 476 4128 indoctum
487 4112 496 4144 ,
522 4078 554 4129 et
569 4079 694 4149 agreste
702 4092 710 4141 ς
735 4067 827 4148 quod
846 4069 1007 4130 anteferat
1018 4087 1137 4151 semper
