2610 4800
709 393 773 470 '10

238 593 355 675 νετοὺς
389 590 619 675 παρεχόμενον
637 591 726 667 ποὺς
764 590 906 675 ἔχοντας
940 589 1073 672 ἀγαθὸν
1087 661 1089 666 ,
1105 562 1253 658 ἐπαίνου

140 694 141 698 ’
240 699 349 774 ἄξιον·
374 698 487 783 ἑτέρως
502 699 558 775 δὲ,
578 701 619 760 τὸ
637 697 673 761 εὖ
685 699 873 782 πεφυκέναι
887 700 969 785 πρὸς
981 698 1022 761 τὸ
1037 698 1124 763 ἴδιον
1141 699 1251 781 ἔργον.

241 807 347 879 ἄλλως
369 806 423 882 dl,
451 809 492 868 τὸ
518 808 740 892 ἐπικοσμοῦν,
773 805 858 870 ὅταν
881 806 1024 889 λέγωμεν
1047 806 1110 870 τὸν
1134 810 1252 888 σοφὸν

240 913 374 999 ἀγαθὸν
396 914 453 975 καὶ
476 916 582 981 καλὸν
609 916 697 980 εἶναι
724 914 860 999 λέγουσι
886 913 922 996 δὲ
947 918 1050 996 μόνον
1072 918 1114 976 τὸ
1140 917 1253 982 καλὸν

239 1023 374 1105 ἀγαθὸν
399 1022 486 1086 εἶναι
508 1022 545 1101 *).

688 1133 712 1214 §-
763 1137 794 1201 5.

237 1269 390 1329 Plotinum
409 1269 608 1344 (Philosophus
626 1270 690 1334 hic,
709 1263 997 1326 Neo-Platonicorum
1015 1279 1090 1326 certe
1106 1271 1254 1345 princeps,

308 1375 338 1427 in
366 1375 471 1448 scriptis
495 1375 551 1430 suis
577 1386 696 1439 nostram
722 1393 834 1450 quoque
859 1395 917 1431 rem
940 1376 1183 1451 saepiuslattigit3
1223 1379 1263 1432 in·

267 1500 274 1517 ⁸
309 1489 387 1533 sexto
406 1491 499 1535 autem
517 1478 639 1536 Ennead.
659 1485 679 1535 1.
699 1481 789 1547 libro,
810 1482 859 1554 qui
876 1487 940 1561 περὶ
958 1488 1015 1539 τοῦ
1033 1480 1133 1539 καλοῦ
1149 1481 1257 1536 iuscri-

308 1580 400 1648 bitur,
429 1585 557 1638 consulto
576 1573 634 1638 eam
652 1585 704 1638 sibi
722 1584 894 1638 tractandam
913 1584 1045 1638 assumsit.
1089 1584 1179 1656 Ipsius
1199 1585 1256 1659 ἀε-

308 1696 416 1763 οεεῑαέ
431 1687 577 1759 platonicis
595 1690 715 1760 proxime
734 1690 835 1743 absunt
853 1706 973 1760 cssmque
991 1687 1087 1740 iisdem
1102 1688 1255 1742 maximam

306 1789 363 1842 sere
381 1801 486 1862 partem
505 1783 690 1845 consentiunt.
729 1793 808 1891 Quae
823 1801 995 1862 sequuntur,
1016 1790 1117 1843 Plotini
1134 1790 1170 1843 de
1185 1793 1256 1865 pul·

210 1957 212 1961 ι
307 1892 465 1967 chritudine
484 1895 626 1948 doctrinae
645 1912 776 1947 summam
795 1894 926 1948 exhibere
945 1892 1094 1964 videntur)
1111 1892 1159 1964 **).

300 2051 348 2116 Τὸ
378 2054 484 2118 καλὸν
510 2053 587 2115 ἔστι
619 2055 677 2137 μὲν
700 2054 734 2118 ἐν
762 2053 838 2134 ὄψει
859 2053 1044 2118 πλεῖστον·
1075 2054 1150 2115 ἔστι
1168 2053 1254 2120 δ’ἔν

238 2158 356 2231 ἀκοαῖς
376 2163 466 2220 κατά
484 2181 522 2220 τε
542 2161 646 2244 λόγων
663 2161 839 2236 συνθέσεις
849 2205 860 2237 ,
892 2159 967 2222 ἔστι
985 2161 1021 2222 δὲ
1039 2154 1096 2221 καὶ
1118 2162 1152 2224 ἐν
1172 2185 1254 2245 μου·

274 2347 300 2421 “)
323 2350 481 2403 Doctrinam
505 2348 579 2404 hunc
603 2349 638 2403 de
664 2350 844 2418 congruentia
868 2356 926 2407 τοῦ
943 2348 1045 2406 καλοῦ
1062 2359 1090 2403 et
1108 2349 1252 2428 ἀγαθοῦ,

327 2461 410 2517 quam
429 2446 511 2497 etiam
529 2446 656 2498 Plotinus
675 2442 725 2516 (ut
742 2445 811 2497 infra
829 2443 1000 2515 videre'est)
1018 2446 1183 2517 profitetur,
1217 2466 1253 2500 ex

326 2534 444 2592 Plutone
463 2558 520 2593 esse
539 2539 734 2604 derivandam,
753 2541 799 2595 vix
818 2541 993 2594 dubitaveris.
1030 2540 1071 2593 ef.
1090 2559 1114 2594 v.
1132 2559 1154 2609 g.
1175 2541 1251 2598 Plat.

325 2633 355 2687 in
374 2635 461 2689 Alcib.
482 2637 506 2690 1.
529 2636 623 2710 ”0,τι
648 2632 685 2690 olo
711 2633 779 2706 οἶμα
796 2636 923 2714 εὕρωμεν
941 2634 1037 2693 καλὸν
1055 2655 1087 2692 τε
1105 2641 1157 2691 καὶ
1175 2637 1252 2706 ἀγα·

324 2730 384 2789 δὸν
402 2731 562 2807 εὑρήσομεν
581 2728 610 2786 la
628 2749 658 2799 γε
677 2734 791 2787 τούτου
809 2738 868 2789 τοῦ
885 2731 985 2802 λόγου.
1011 2731 1055 2802 (ρ.
1072 2734 1115 2785 3ο.
1131 2730 1172 2783 ed.
1188 2730 1252 2803 Bip.

327 2833 356 2877 ct
373 2843 398 2895 p.
415 2831 448 2881 28
463 2823 560 2897 seqq.)
598 2827 667 2879 ltem
682 2825 711 2878 in
727 2828 869 2896 Protagora
887 2846 912 2898 p.
933 2834 1007 2898 189.,
1029 2825 1077 2876 ubi
1093 2826 1133 2878 sic
1147 2824 1251 2881 habet:

326 2920 400 2972 Socr.
438 2922 505 2987 Τὰς
521 2924 575 2996 γὰρ
593 2920 688 2989 καλὰς
705 2921 819 3000 πράξεις
837 2923 955 2988 ἁπάσας
975 2920 1108 2988 ἀγαθὰς,
1129 2918 1252 2993 ὡμολο-

323 3018 461 3086 γήσαμεν.
499 3017 572 3069 Prot.
607 3012 723 3084 Ἀληθῆ
748 3015 855 3086 λέγεις·
883 3020 939 3071 καὶ
966 3017 1011 3070 oiri
1040 3012 1137 3089 ἔμοιγε
1164 3013 1253 3075 δοκεῖ

324 3108 480 3178 οὓτώςί-
499 3138 531 3150 -
553 3137 583 3150 ·-
622 3111 697 3166 Socr.
732 3115 868 3185 Οὐκοῦν,
894 3117 972 3186 εἰπερ
989 3107 1085 3167 καλὸν
1103 3114 1156 3166 καὶ
1174 3112 1251 3180 ἀγα·

325 3204 402 3279 δὸν,
421 3211 474 3261 καὶ
492 3203 567 3280 ἡδύς
604 3207 675 3260 Prot.
711 3204 916 3282 Ὡμολόγηται
933 3209 1014 3275 γοῦν.
1050 3204 1121 3260 Vide
1136 3205 1252 3278 insuper

218 3359 222 3365 ,
326 3299 406 3370 Hipp.
427 3301 489 3366 maj.
508 3319 534 3372 p.
554 3299 595 3369 54.
631 3300 738 3355 Phileb.
763 3319 790 3371 p.
812 3303 862 3371 3¹7
884 3318 961 3372 seqq.
998 3300 1121 3371 Sympos.
1148 3316 1175 3370 p.
1196 3304 1251 3356 118

324 3402 353 3448 et
377 3384 486 3470 ποορ
500 3412 575 3466 seqq.
610 3424 643 3436 --
696 3396 841 3450 Ciceronis
867 3395 1004 3449 sententia
1030 3393 1170 3448 notissima
1197 3402 1249 3449 est.

324 3490 356 3544 V.
376 3509 400 3559 g.
419 3490 454 3545 de
473 3490 549 3544 finib.
568 3493 620 3544 111.
639 3510 681 3545 ss.
719 3493 827 3545 «Recte
854 3491 936 3544 etiam
961 3491 1078 3559 pulcher
1095 3487 1251 3560 appellabi-

324 3592 371 3637 tur
383 3587 459 3657 (scil.
473 3583 613 3658 sapiens);
634 3587 717 3641 animi
730 3590 802 3641 enim
816 3587 985 3641 lineamenta
999 3594 1064 3639 sunt
1077 3583 1247 3657 pulchriora,

324 3697 408 3750 quarn
426 3683 577 3756 corporis.»
614 3682 655 3739 ef,
675 3683 790 3739 Tuscul.
809 3683 877 3754 disp.
896 3683 914 3734 l.
935 3683 980 3735 IV.
1001 3699 1026 3737 c.
1049 3685 1087 3735 13.

262 3772 437 3847 ''llaibrum
462 3797 542 3851 supra
567 3779 712 3833 laudatum
738 3779 867 3835 celeberr.
894 3779 940 3832 lh.
962 3779 1115 3831 &euserius
1134 3777 1245 3830 seorsim

327 3872 414 3925 edidit
438 3874 489 3927 sub
515 3877 555 3930 tit
583 3877 692 3929 Plotini
714 3876 787 3955 liber
810 3873 844 3927 de
869 3871 1089 3946 pulchritudine.
1132 3871 1246 3925 Heidel-

326 3965 441 4035 bergae,
470 3971 543 4040 1814.
580 3990 664 4045 quam
688 3971 802 4046 quidem
820 3969 970 4027 editionem
988 3968 1244 4042 praestantissimam

326 4080 375 4117 nos
392 4062 439 4118 hic
457 4065 605 4138 sequimur.
