2610 4800
603 403 689 481 594

230 571 282 657 ¹tut
295 605 438 668 audimus,
457 604 644 658 obliviscimur
656 607 837 678 plerumqnes
855 618 927 678 quae
942 605 1058 659 accides

148 730 167 745 ι,
230 701 567 768 puer·itia,.memioimus
579 702 682 772 optimc
696 719 792 772 saepe:
811 718 864 754 nec
876 701 929 755 boc
944 701 1000 752 alia
1017 701 1054 753 de

167 816 182 837 ι’
211 795 487 864 potestaceidere,
515 796 567 847 nisi
589 795 665 867 quod
687 797 806 849 usitatae
824 814 870 863 res
883 795 967 850 tacite
990 815 1006 848 e
1023 814 1058 847 mr

120 906 124 913 ·
164 918 167 923 ·
231 886 400 952 elabuntur,
420 889 561 956 «insignes,
589 907 677 942 norae
696 899 809 942 manent
825 890 938 943 diutim.
976 892 1058 943 Souis

149 1010 153 1017 ·
198 1004 201 1009 ·
231 989 294 1043 tus,
324 997 436 1047 cursus,
461 999 591 1046 occasus,
619 1001 699 1037 nemo
721 985 888 1049 admiratur,
916 995 1058 1056 propterea

148 1078 170 1120 .’
231 1075 359 1148 quotidie
376 1075 518 1129 tinniret
536 1078 655 1149 eclipses*
666 1078 730 1132 solis
744 1079 893 1142 mirentur,
919 1079 1058 1150 quianam

160 1178 179 1217 ,ἰ
204 1206 209 1221 .
230 1169 317 1223 dunt:
356 1179 384 1225 et
413 1171 477 1223 solis
507 1172 622 1242 eclipses
647 1175 730 1240 magis
754 1173 904 1237 mirantur,
939 1191 1024 1244 quam
1052 1175 1058 1224 Ι

159 1292 193 1309 »w
220 1265 362 1335 'quoniam
378 1264 430 1317 bae
446 1265 593 1337 crebriores
608 1277 681 1320 suut
716 1260 1058 1334 normannorum,

149 1408 156 1423 ,
174 1370 180 1411 ἐ
197 1390 201 1395 -
231 1362 304 1428 gari,
326 1371 354 1414 et
370 1362 513 1416 usitate-re
530 1381 586 1415 non
600 1364 773 1416 exsuscitari:
791 1365 914 1417 novitate
931 1383 996 1417 vero
1010 1367 1058 1418 eti

148 1465 167 1505 ,’
205 1492 209 1505 .
231 1456 352 1527 quodum
374 1459 484 1525 negetio
506 1459 676 1510 commoveri.
712 1460 838 1512 lmitetnr
853 1460 937 1527 igitur
952 1478 993 1512 ars
1011 1471 1057 1512 nat

230 1559 262 1602 'et
279 1551 567 1621 quodeudesiderat,
587 1553 722 1605 inveniat:
749 1554 824 1623 quod
841 1556 980 1617 ostendit,
1006 1570 1058 1626 seqr

147 1670 196 1693 ··‹e
216 1645 321 1715 gNrnm
339 1653 379 1699 est
400 1647 489 1710 enim,
519 1648 595 1718 quod
617 1657 666 1699 aut
689 1655 787 1702 nutum
817 1657 970 1700 extremum
994 1649 1058 1702 iuver

227 1751 282 1794 :aut
300 1741 423 1793 doctrina
438 1742 576 1812 primum:
598 1743 646 1796 sed
660 1759 750 1794 rerum
766 1742 898 1813 principia
913 1743 949 1794 ab
964 1744 1058 1810 ingenis

150 1842 207 1891 .;“.ἷΙ
229 1835 306 1888 secta
329 1845 412 1899 eunt,
444 1846 472 1889 et
497 1837 587 1889 exitus
609 1836 753 1907 disciplina
776 1847 975 1907 comparantur.
1012 1839 1058 1890 lma

149 1960 166 1972 w
200 1929 313 2005 j-igiuu
329 1948 378 1982 nos
394 1931 422 1983 in
439 1948 471 1984 eo
488 1949 585 1998 genere
602 1931 769 1984 constituere
786 1932 939 2000 oportebit,
970 1933 1058 2004 quodg

231 2043 341 2080 manere
355 2026 384 2080 in
399 2026 527 2079 memoria
543 2027 693 2080 diutissime
707 2036 812 2098 potest,
831 2027 862 2079 id
877 2027 1003 2089 accidet,
1022 2028 1043 2079 si

230 2122 349 2175 maxime
370 2128 448 2175 notas
464 2122 663 2175 similitudines
685 2122 897 2174 constituemus:
923 2123 946 2174 si
963 2140 1018 2173 non
1036 2140 1058 2172 m

169 2248 171 2253 ·
195 2234 284 2271 ··nee
305 2234 401 2285 rogas,
433 2217 604 2287 sedaliquid
620 2226 716 2270 notum
730 2225 840 2284 agentes
856 2216 986 2283 imagines
1000 2235 1058 2287 pons

153 2350 158 2359 .
192 2354 195 2361 .
231 2311 253 2364 si
277 2301 410 2378 egregium
435 2311 670 2382 pulchritudinem
691 2320 741 2363 aut
763 2313 871 2363 unicam
889 2311 1058 2382 turpitudine

149 2438 191 2457 ¹¹1¹·
213 2405 440 2477 ‘attribuerem
456 2407 478 2458 ai
497 2405 591 2477 aliqua
606 2423 641 2469 re
658 2404 868 2469 exornabimus,
893 2414 925 2458 nt
940 2407 962 2457 si
978 2423 1058 2457 coron

150 2550 155 2563 ,
232 2510 309 2554 veste
333 2518 498 2571 purpurea,-
521 2517 577 2570 quo
602 2499 681 2552 nobis
704 2501 823 2553 notatior
842 2501 879 2559 sit
901 2501 1052 2553 similitudo

151 2631 156 2647 .
170 2638 173 2647 .
230 2598 320 2671 siqua
333 2615 360 2649 re
375 2592 595 2660 deformabi'mur,
609 2605 641 2648 ut
655 2596 676 2649 si
685 2605 840 2660 cruentam,
859 2606 909 2648 aut
921 2615 1009 2650 coeno
1022 2596 1058 2648 obl

149 2729 155 2737 .
231 2701 281 2745 ant
300 2691 416 2745 rubrica·
429 2690 581 2747 delibutam
601 2690 779 2756 inducemus,
792 2708 859 2763 .quo
873 2691 956 2758 magis
972 2693 1058 2760 insign

158 2830 162 2839 .
178 2832 181 2837 .
207 2766 211 2774 ¹
230 2787 330 2840 format
353 2796 401 2839 cut
417 2772 439 2840 li
452 2786 581 2838 ridiculus
596 2805 637 2839 res
651 2786 758 2858 aliquas
770 2786 933 2853 imaginibus
947 2787 1058 2839 attribue

158 2922 162 2927 -
220 2899 292 2935 ‘num
307 2900 339 2935 ea
355 2899 397 2935 res
413 2899 525 2952 quoque
540 2881 641 2944 saciet,
672 2891 704 2934 ut
716 2881 824 2945 lucilius
837 2882 993 2934 meminisse
1008 2900 1058 2952 peu

228 2976 317 3040 Nam,
347 2995 415 3049 quas
431 2994 474 3028 res
489 2994 564 3028 veras
581 2976 662 3029 facile
676 2976 868 3049 meminimus,
892 2976 1002 3028 easdem
1020 2976 1058 3026 fici

232 3072 378 3139 diligenter
401 3081 508 3124 notatas
528 3071 823 3125 meminisse·non.est
842 3069 963 3124 difficile.
1000 3071 1051 3124 Sed

232 3166 323 3219 lacere
342 3167 497 3236 oportebit,
522 3175 554 3218 ut
569 3167 724 3218 identidem
734 3167 832 3237 primos
846 3184 973 3236 quosque
991 3167 1058 3218 loces

185 3304 189 3311 .
232 3262 323 3329 giuum
344 3261 559 3323 renouandnrnm
582 3277 663 3312 carisa
680 3261 805 3314 celeriter
819 3260 909 3311 animo
923 3276 1058 3332 percurras

246 3386 254 3405 s
283 3357 345 3408 Non
369 3357 458 3408 minus
480 3356 659 3425 comparanda
680 3365 760 3419 suut,
786 3372 860 3427 quae
881 3355 969 3408 babet
982 3357 1057 3409 Cicer

150 3464 153 3471 ’
227 3460 298 3505 erat.
313 3452 331 3502 l.
349 3454 384 3503 ll.
403 3468 426 3505 e.
443 3453 477 3506 86
492 3448 588 3522 seqq.)¹

284 3567 298 3596 r
309 3546 448 3599 invenisse
465 3546 548 3599 lectur
567 3545 776 3613 [Simonides],
797 3546 919 3598 ordinem
938 3562 1058 3598 esserum

192 3693 194 3698 ,
231 3640 280 3712 qui
297 3640 442 3693 memoriae
457 3640 551 3692 lumen
564 3643 678 3694 afferret.
714 3642 812 3710 Itaque
828 3641 870 3701 iis,
892 3641 1058 3711 quibancpa

227 3735 329 3804 ingenii
354 3745 533 3798 exercerent,
568 3736 643 3788 locos
667 3753 724 3788 esse
749 3736 915 3806 capiendos,
939 3745 972 3789 et
989 3753 1033 3796 ea,

227 3830 357 3887 memoria
378 3810 472 3884 tenere
494 3830 614 3894 vellent,
643 3827 795 3898 effingenda
817 3831 927 3893 animo,
956 3828 1055 3903 etqnei

228 3924 296 3978 locis
320 3927 500 3980 collocanda:
540 3928 578 3979 sie
601 3926 674 3988 fore,
710 3933 749 3978 ut·
762 3926 886 3979 ordinem
906 3944 996 3978 rernm
1013 3924 1058 3974 teu

227 4009 304 4074 erdo
314 4032 503 4088 conservaret,
526 4040 567 4076 res
580 4029 680 4095 autem
696 4020 768 4093 ipsas
785 4039 876 4075 rerum
892 4019 991 4090 effigies
1009 4027 1058 4072 nou
