2610 4800
595 434 680 513 565

160 643 277 713 ment,
299 633 359 697 scd
374 632 465 717 quod
483 632 658 696 excellant.
698 631 821 717 Eadem
838 632 921 696 ratio
938 641 988 697 est
1003 633 1135 714 horum,

160 741 489 826 qsrrsunturationis
509 741 646 817 lumina,
671 753 704 804 et
721 741 959 825 quodammodo
979 742 1137 825 insigniar

162 871 217 911 curn
232 859 289 912 sut
309 849 542 933 duplicantur,
565 850 792 932 iteranturque
813 850 930 927 rerba,
953 861 1009 912 aut
1028 848 1137 913 brevi-

160 964 196 1035 ter
210 967 408 1019 commutata
428 967 619 1041 ponuntur,
652 968 710 1019 aut
729 958 768 1018 ab
789 958 901 1019 eodem
927 958 1024 1019 serbo
1043 955 1139 1020 duci-

160 1070 199 1125 tur
220 1065 349 1147 saepius
371 1065 496 1142 oratio,
531 1075 587 1126 aut
615 1065 648 1126 in
677 1065 761 1127 idem
788 1062 985 1153 conjicitur,
1017 1061 1075 1125 aut
1102 1065 1137 1127 in

161 1181 339 1254 utrumque,
372 1181 428 1231 ant
449 1170 638 1256 adjungitur
660 1173 745 1234 idem
767 1173 940 1246 iteratum,
972 1184 1028 1235 aut
1052 1171 1139 1234 idem

158 1278 380 1342 adextremum
398 1281 558 1355 refertur,
580 1292 635 1342 aut
654 1281 865 1344 continenter
882 1303 991 1340 unum·
1003 1281 1139 1343 verbum

156 1405 207 1447 non
235 1387 269 1449 in
298 1386 412 1450 eadem
432 1387 593 1448 sententia
615 1388 769 1469 ponitur=
809 1396 867 1448 aut
890 1409 965 1448 cum
989 1387 1142 1450 similiter

155 1495 192 1557 rel
218 1495 343 1558 cudunt
366 1495 480 1572 verba,
518 1494 568 1556 vel
598 1495 772 1572 desinunt,
806 1506 863 1557 aut
892 1493 1005 1555 multis
1032 1493 1138 1556 modis

154 1602 314 1665 contrariis
333 1601 434 1664 relata
451 1601 629 1664 contraria:
663 1614 719 1664 aut
739 1624 812 1663 cum
835 1601 992 1685 gradatim
1008 1622 1139 1663 sursum

154 1729 252 1775 tusus
271 1692 414 1772 reditur:
438 1722 494 1773 aut
513 1732 588 1771 cum
605 1710 721 1772 demtis
740 1708 1049 1793 conjunctionibus,
1072 1709 1141 1769 dis·

153 1817 246 1880 solute
261 1817 357 1902 plura
374 1819 549 1881 dicuntur:
574 1831 630 1881 ant
646 1842 719 1880 cum
737 1816 863 1900 aliquid
881 1826 1140 1898 praetereunter,

119 1940 123 2025 ¹,
152 1944 200 1989 tu·
228 1926 262 1988 id
286 1926 466 2003 faciamus,
499 1927 723 2003 ostendimus,
758 1942 818 1988 cur
842 1948 917 1987 cum
946 1919 1139 2007 corrigimur

151 2034 376 2117 nosmetipsos,
399 2035 493 2118 quael
511 2032 804 2117 reprehendentes:
835 2043 892 2095 aut
914 2031 940 2091 si
962 2041 1011 2094 est
1029 2033 1141 2115 aliqua

150 2141 331 2203 acclamatio
360 2143 411 2204 rel
442 2141 667 2204 admirationis
704 2141 755 2203 rel
784 2139 1050 2223 conquestionis:
1084 2148 1142 2202 ant

119 2250 219 2357 'qum
255 2248 403 2333 ejusdem
441 2249 585 2311 nominis
622 2272 715 2312 casus
749 2249 878 2332 saepius
912 2257 1139 2312 commutatur·

119 2360 488 2465 rheumam

119 2496 124 2533 ἰ
200 2465 361 2549 Sequitur
379 2471 492 2548 (ergo)
515 2474 571 2543 ut,
596 2465 654 2548 qui
672 2467 808 2528 maxime
832 2464 951 2529 cadant
970 2464 1005 2526 in
1028 2462 1144 2528 oratio-
1234 2530 1237 2535 ,

149 2590 218 2637 uem
240 2582 348 2655 aptam
371 2573 518 2650 numeri,
550 2574 728 2635 ridendum
751 2574 803 2635 sit.
842 2575 926 2634 Sunt
947 2574 1054 2651 enirn,
1085 2571 1144 2655 qui

147 2680 320 2764 iambicum
336 2691 471 2765 putent,
506 2683 594 2766 quod
613 2683 654 2742 sit
673 2681 813 2742 orationi
836 2680 1040 2742 simillimus:
1078 2702 1145 2762 qua

149 2792 191 2875 de·
202 2812 300 2853 cansa
317 2792 399 2866 fieri,
422 2803 459 2854 ut
474 2792 500 2852 is
519 2791 726 2874 potissimum
743 2799 877 2875 propter
894 2787 1144 2852 similitudinem
1227 2820 1230 2825 ·

148 2901 294 2964 veritatis
323 2899 516 2962 adhiheatur
542 2899 575 2959 in
600 2899 741 2972 fabulis;
777 2899 936 2982 quodille
960 2897 1143 2980 dactylicus
1242 2973 1244 2977 ,

150 3028 304 3071 numerus
317 3007 576 3069 hexametrorum
594 3007 889 3090 magniloquentiae
906 3005 949 3067 sit
965 3025 1146 3066 accommo-

150 3115 264 3179 datior.
305 3115 456 3200 Ephorus
475 3125 605 3192 autem,
637 3116 717 3177 levis
740 3115 808 3198 ipse
832 3126 960 3191 orator,
990 3112 1045 3174 sed
1067 3133 1145 3196 pro·

152 3224 253 3290 iectus
287 3246 327 3287 ex
352 3225 474 3308 optima
502 3224 696 3307 disciplina,
735 3246 859 3306 paeona
885 3222 1053 3305 sequitur,
1089 3229 1147 3282 aut

155 3330 328 3422 dactylum:
350 3334 435 3416 fugit
451 3345 558 3396 autem
574 3333 753 3416 spondeum
770 3342 802 3393 et
816 3330 1015 3393 trochaeum.
1049 3324 1147 3408 Quod

147 3443 237 3505 'cuim
254 3463 357 3527 paeon
372 3441 490 3505 habeat
509 3453 574 3504 tres
588 3444 721 3517 breves,
754 3440 901 3523 dactylus
919 3449 1025 3501 autem
1046 3436 1145 3512 duas,
1233 3496 1236 3503 Δ

119 3536 123 3551 ’
159 3546 310 3613 brevitate
346 3561 379 3613 et
407 3550 575 3612 celeritate
606 3549 801 3632 syllabarum
838 3547 900 3608 labi
927 3555 1020 3630 putat
1048 3543 1147 3604 verba

119 3670 122 3697 ³
161 3634 347 3738 proclivius:
370 3668 553 3741 contraque
565 3657 712 3719 accidere
728 3657 761 3716 in
771 3655 920 3738 'spondeo
935 3664 967 3715 et
982 3651 1148 3726 trochaeo,

119 3760 121 3842 j
164 3766 242 3846 quod
260 3768 345 3830 alter
363 3765 469 3850 longis
490 3775 677 3842 constaret,
717 3764 798 3825 alter
821 3785 838 3824 e
862 3761 1014 3823 brevibus
1036 3759 1146 3821 lieret:

119 3850 122 3921 l
166 3872 288 3936 alteram
313 3869 411 3936 nimis
437 3875 629 3951 incitatam,
662 3873 795 3935 alteram
818 3870 913 3931 nimis
933 3868 1058 3930 tardam
1079 3888 1148 3929 ora·

167 3980 296 4061 tionem,
324 3996 474 4047 neutram
491 3991 710 4066 temperatam.
752 3979 814 4041 Sed
835 3987 867 4040 et
888 3976 937 4037 illi
956 3977 1080 4061 priores
1097 3995 1147 4035 cr·
1211 3962 1237 4036 Ἴ.

169 4103 248 4170 nint,
277 4105 311 4158 et
335 4092 487 4177 Ephorus
515 4090 549 4153 in
579 4090 674 4175 culpa
699 4097 766 4161 est;
801 4108 876 4149 nam
894 4085 1001 4170 etqui
1023 4099 1148 4168 paeana
