2610 4800
604 418 687 496 lid

145 613 417 682 translationibus
431 615 578 679 crebrior
590 624 623 678 et
635 614 747 699 figuris
764 613 827 675 erit
835 612 1027 698 jucundior,
1045 638 1137 701 egnes·

145 726 293 789 sionibus
323 714 518 801 amoenus,''
542 723 779 806 compositione
810 732 928 806 aptus,
952 723 1138 805 ¹sententiis

145 833 271 909 dulcis,
311 833 417 894 lenior
440 841 570 907 tamen,
602 841 640 893 ut
664 831 767 892 amnis
793 830 924 893 lucidus
951 831 1092 915 quidam
1112 840 1139 895 ct

144 940 326 1001 virentibus
343 933 507 1021 utrimque
526 938 616 998 silvis
635 939 838 999 inumbratos
852 939 888 1016 *).
932 941 976 1002 At
996 939 1068 1017 ille,
1089 939 1138 1023 qui

145 1069 221 1109 saxa
233 1048 385 1110 devolvat
402 1057 433 1108 et
450 1055 581 1129 pontem
601 1045 791 1126 indignetur
806 1052 838 1107 et
854 1044 941 1127 ripas
955 1046 1021 1107 sibi
1035 1045 1139 1127 faciat,

145 1155 267 1215 multus‘
291 1167 324 1217 et
348 1166 476 1217 torrens
499 1151 644 1234 judicem
665 1152 715 1221 ‚vel
740 1153 898 1214 nitentem
925 1164 1045 1229 contre
1066 1157 1140 1217 feret

148 1274 309 1345 cogetque
325 1263 383 1356 ire,
408 1284 471 1344 qua
489 1261 583 1343 rapit.
606 1296 643 1308 -
667 1297 705 1307 -
749 1248 908 1323 Homeros
924 1261 1062 1331 brevem
1078 1263 1140 1363 pni-

155 1369 229 1432 dem
248 1391 324 1430 oum
341 1368 566 1452 jucunditate,
589 1379 621 1430 et
642 1369 881 1452 propriam,.id
899 1369 988 1431 enim
1008 1382 1062 1441 est
1082 1392 1139 1469 pon

231 1605 369 1681 θέστερον
392 1606 526 1660 πάντων·
547 1611 584 1661 τὸ
608 1601 640 1659 δὲ
656 1603 798 1671 ἀσύνηθες
813 1609 865 1660 καὶ
881 1611 1138 1678 μετενηνεγμένον,

228 1699 449 1774 μεγαλοπρεπές.
471 1727 502 1738 ·-
523 1682 655 1772 ’μάλιστα
668 1696 700 1753 tt
718 1703 802 1768 σαφῆ
816 1702 874 1773 χρὴ
890 1702 945 1764 τὴν
960 1697 1042 1771 λέξιν
1057 1698 1137 1759 sim.

141 1826 144 1837 ι
229 1794 289 1867 (De
312 1794 346 1847 el.
369 1793 488 1849 CXCIV.
510 1802 538 1845 et
561 1790 682 1861 CXCV.)

279 1890 321 1941 De
335 1889 432 1964 eodem
447 1888 544 1939 Cicero
557 1887 596 1938 ita
610 1886 706 1939 habet:
729 1887 922 1940 Removebitur
935 1889 1023 1941 omnis
1034 1888 1138 1957 insignis
1175 1906 1177 1961 Ι

226 1994 356 2048 ornatus,
384 1984 463 2055 quasi
488 1984 707 2051 margaritarum,
735 2002 770 2035 ue
793 1982 939 2036 calamistri
960 1984 1075 2055 quidem
1096 1982 1138 2035 sd·
1175 1964 1177 1987 Ι

228 2079 405 2133 hibcbuntur.
442 2077 540 2130 Focari
555 2078 835 2146 vcromedicamenra
851 2078 976 2130 candoris
992 2089 1023 2133 et
1039 2078 1136 2133 ruboris

228 2175 319 2226 omnia
341 2172 518 2242 repellentur.
561 2154 713 2242 Elegantia
735 2171 815 2225 modo
827 2154 871 2225 'et'
887 2171 1031 2225 munditia
1055 2192 1136 2228 nma-

229 2269 312 2321 ncbit.
349 2268 442 2319 Sermo
459 2284 543 2336 purus
560 2267 610 2319 erit
628 2278 655 2319 et
671 2268 787 2334 latinus3
809 2267 931 2321 dilucide
947 2258 1136 2340 planequedi·

228 2372 320 2430 cetur;
338 2361 523 2439 quid'decoan
540 2362 778 2432 circumspicietnr.
801 2362 887 2433 (Orat.
905 2380 927 2415 c.
938 2367 980 2416 23.
995 2366 1018 2431 ς.
1028 2369 1062 2432 78
1071 2360 1136 2434 sqq.)

175 2455 198 2524 ‘l
224 2457 295 2510 Huic
314 2456 404 2510 medio
425 2456 516 2524 generi
537 2457 683 2528 respondet
706 2457 924 2528 quadammodo.
953 2459 1030 2528 quod
1046 2460 1136 2511 Deme·

229 2554 300 2604 trius
327 2560 355 2604 et
381 2552 496 2619 Dionys.
516 2552 581 2605 Hal.
605 2560 640 2609 τὸ
665 2551 820 2628 γλαφυρὸν
844 2552 1002 2623 appellant,
1039 2554 1135 2625 cuique

230 2647 302 2719 prior
322 2665 386 2718 prse
408 2648 505 2700 ceteris
523 2649 702 2711 Venusratem‘
713 2645 836 2722 (χάριν)
852 2648 984 2719 propriam
1000 2646 1077 2701 lacit.
1108 2636 1133 2700 'O

146 2796 149 2801 .
227 2741 380 2819 γλαφυρὸς
407 2741 494 2810 λόγος
520 2748 726 2818 χαριεντισμὸς
749 2748 802 2797 καὶ
830 2740 932 2818 ἱλαρὸς
956 2740 1048 2813 λόγος
1072 2742 1133 2800 iovi.

146 2890 150 2895 ,
228 2838 286 2909 (ne
311 2834 594 2906 e1.cxxv111.)-
633 2836 748 2889 cicero.-
780 2836 896 2889 userius
923 2846 964 2890 es
989 2836 1070 2903 airus
1091 2837 1136 2888 au·
1175 2822 1177 2855 ²

226 2943 389 3006 quantoque
410 2933 563 2998 robustius,
590 2951 672 3005 quarn
693 2931 746 2985 hoc
767 2932 887 2997 humile,
913 2933 948 2985 de
963 2950 1021 3005 quo
1036 2934 1135 2986 dicturis

229 3037 283 3095 est3
305 3028 462 3082 submissius
480 3038 589 3092 autern,
610 3047 691 3099 quarn
710 3029 799 3092 illud,
819 3029 853 3081 de
871 3047 927 3100 quo
942 3031 995 3096 jam
1013 3029 1134 3087 dicetur.

226 3124 429 3197 amplissimum.
467 3124 527 3177 Hoc
547 3125 575 3177 in
595 3143 693 3193 genere
713 3125 789 3195 (scil.
805 3122 913 3194 medio)
935 3142 1080 3179 nervorum
1096 3123 1136 3177 rel

228 3221 387 3284 minimum,
414 3220 555 3275 suavitatis
576 3231 668 3274 autern
688 3229 730 3272 cst
749 3220 794 3273 vel
811 3220 965 3291 plurimum.
1003 3220 1055 3274 Est
1069 3221 1137 3274 cuim

162 3357 165 3367 ,
229 3316 355 3388 plenius,
383 3330 464 3386 quarn
477 3315 531 3371 hoc
548 3315 742 3382 enucleatum
764 3333 846 3385 quam
866 3298 1138 3368 autemilludorna·

228 3410 506 3481 tum‘copiosumqtle
526 3390 692 3464 submissius.
730 3409 801 3461 Huic
823 3410 912 3461 omnia
931 3394 1043 3464 dicendi
1063 3426 1140 3463 orna·

229 3515 321 3558 mento
348 3506 534 3568 conveniunt,
564 3504 768 3577 plurimumque
802 3513 842 3558 est
872 3505 901 3556 in
931 3503 984 3557 hac
1011 3504 1141 3558 orationis

227 3600 314 3652 forma
333 3599 483 3663 suavitatis.
504 3627 536 3639 -
572 3599 621 3654 Eo
641 3602 712 3653 enim
734 3599 874 3671 quoddam
891 3599 972 3659 etiam
992 3598 1141 3668 insigniret

230 3694 326 3748 florens
341 3694 470 3748 orationis
484 3695 588 3765 pictum
604 3704 632 3749 ct
646 3697 797 3767 expolitum
811 3713 911 3762 genus,
931 3696 1031 3766 inquo
1047 3712 1142 3748 omnes

231 3788 390 3852 verborum,
416 3808 509 3844 omues
536 3792 733 3844 sententiarum
761 3790 903 3858 illigantur
929 3789 1044 3861 lepores.
1083 3790 1142 3843 lloc

230 3891 319 3935 totum
333 3895 453 3956 spretum
474 3905 490 3938 a
512 3886 678 3948 subtilibus,
706 3885 844 3956 repulsum
864 3904 878 3937 a
899 3885 1023 3952 gravibus
1042 3886 1073 3941 in
1094 3906 1140 3945 es.

231 3977 266 4031 dc
287 3981 468 4051 quoloquor‚
494 3981 685 4037 mediocritate
702 3982 833 4036 consedit.
867 3982 931 4051 (Or.
953 3999 976 4035 c.
997 3984 1038 4035 26.
1060 3984 1083 4049 5.
1099 4002 1140 4053 9¹.

232 4072 473 4145 essars-o)
