2610 4800
441 450 683 527 su

150 654 358 740 αγγέλματι,
379 649 538 749 έντεὺθέν
552 649 660 712 ποθεν
676 647 754 722 ίσας
770 647 832 722 τὴν
849 647 1031 733 διάγνωσιν
1043 652 1162 715 αὑτοῖν

150 767 211 828 οὑκ
238 761 408 824 ἀδύνατον
434 757 648 838 πορίζεσθαι.
691 756 795 834 (Sect.
821 758 896 835 VI.)
920 794 959 813 -ψ
981 791 1023 807 -
1063 759 1163 822 Είδέ·

149 891 209 934 ναι
233 869 315 951 χρὴ,
348 866 504 948 καθάπερ
532 863 595 948 κάν
615 866 664 947 τῷ
687 870 787 946 κοινῷ
809 863 867 948 βίῳ
893 865 989 929 οὐδὲν
1010 865 1163 950 ὑπάρχει

151 977 254 1060 μέγα,
275 972 327 1036 ,οὑ
350 970 394 1055 τά
418 980 646 1058 καταφρονεῖν
671 970 751 1033 έστι
773 971 872 1054 μέγα,
903 972 974 1035 οἶον
992 972 1163 1051 πλοῦτοι,

150 1091 268 1167 τιμαί,
291 1081 406 1156 δόξαι,
425 1080 639 1166 τυραννίδες,
661 1078 719 1139 καὶ
734 1081 801 1162 ὅσα
818 1079 857 1152 δὴ
875 1080 964 1141 ἄλλα
977 1079 1051 1164 Ιίχει
1068 1083 1162 1143 πολὺ

149 1193 192 1254 τά
214 1192 336 1267 ἔξωθεν
352 1188 729 1273 προςτραγῳδοὺμενον,
752 1189 811 1252 οὐκ
826 1189 867 1251 ἀν
888 1176 936 1271 τῷ
953 1209 989 1271 γε
1008 1189 1161 1273 φρονίμῳ

151 1298 277 1374 δόξειεν
293 1294 411 1380 ἀγαθοί
424 1296 698 1380 ὑπερβάλλοντα,
720 1296 763 1359 ὦν
781 1293 866 1356 αὑτά
883 1297 926 1376 τά
942 1305 1161 1380 περιφρονεῖν
1212 1354 1214 1359 ,

151 1406 282 1491 ἀγαθάν
310 1410 348 1467 οὑ
382 1405 533 1489 μέτριρν·
568 1403 784 1484 θαυμάζουσι
811 1407 890 1486 γοὺν
915 1411 983 1468 τῶν
1012 1405 1162 1488 ἐχόντων

151 1514 243 1576 αὑτά
272 1494 503 1595 μᾶλλονρτοὺς
536 1511 737 1593 δυναμένους
768 1494 943 1595 ἔχεινκαὶ
972 1511 1030 1573 διά
1060 1535 1162 1595 μεγα-

150 1614 317 1705 λοψυχίαν
336 1623 581 1706 ὑπερορῶντας·
612 1619 691 1704 τῇδέ
707 1644 773 1682 που
794 1620 853 1680 καὶ
873 1620 1013 1683 ἐπὶτῶν
1031 1619 1163 1702 διῃρμέ·

148 1753 213 1796 νων
228 1731 262 1795 έν
275 1730 443 1812 ποιήμασι
458 1729 515 1790 καὶ
529 1729 640 1810 λόγοις
659 1726 892 1804 ἐπισκεπτέον,
915 1729 956 1810 μή
971 1748 1053 1798 τινα
1070 1729 1162 1811 μεγέ-

150 1841 230 1912 θους
246 1838 443 1921 φαντασίαν
462 1837 535 1919 έχοι
552 1835 738 1910 τοιαύτην,
766 1833 887 1916 ᾔπολὺ
904 1835 1099 1919 πρόςκειται
1115 1834 1163 1899 τδ

148 1948 219 2020 είκῇ
243 1945 653 2030 προςαναπλαττάμενσν,
683 1942 973 2025 ἀναπτυσσόμενα
991 1944 1027 2006 δέ
1048 1944 1161 2021 ἄλλως

151 2054 340 2140 εὑρίσκοιτο
366 2048 479 2134 χαῦνα
488 2061 499 2088 ·’
526 2048 570 2112 ὧν
589 2053 652 2137 τρὺ
672 2051 859 2133 θαυμάζειν
880 2050 922 2113 τά
940 2063 1161 2135 περιφρονεῖν

150 2142 391 2244 εὐγενέστερον.
443 2156 549 2220 Φὺσει
578 2157 640 2242 γάρ
667 2180 736 2231 πυς
761 2157 828 2220 ὑπδ
857 2158 1026 2233 τάληθσὺς
1052 2157 1162 2237 ὑψους

151 2270 327 2351 ἐπαίρεται
352 2288 390 2328 τε
419 2267 508 2346 ἡμῶν
536 2265 668 2349 ἀψυχίη
689 2258 745 2349 καί
767 2269 890 2351 γαὺρὸν
911 2290 948 2328 τι
973 2266 1162 2349 ἀνάστημα

149 2375 372 2458 λαμβάνουσα
399 2373 586 2457 πληροὺται
614 2371 722 2458 χαρᾶς
748 2375 804 2437 καί
833 2375 1081 2458 μεγαλαυχίας,
1115 2377 1162 2450 ὡς

150 2482 236 2558 αὑτηί
248 2484 452 2566 γεννήσασα,
474 2481 552 2566 ὅπερ
568 2483 716 2556 ἤκουσεν.
754 2483 863 2548 Ὅταν
882 2481 940 2546 οὑν
959 2483 1014 2544 ὑπ’
1034 2481 1162 2567 ἀνδρδς

121 2644 124 2651 .
151 2593 311 2677 ἔμφρονος
337 2592 394 2651 καί
420 2591 574 2674 ἐμπείρου
600 2591 727 2673 λόγων,
757 2593 921 2666 πολλάκις
950 2591 1161 2673 ἀκουόμινόν

146 2722 185 2761 τι
214 2697 294 2779 πρδς
323 2698 617 2783 μεγαλοφροσύνην
642 2703 705 2773 τὴν
730 2701 839 2783 ψυχὴν
865 2699 907 2783 μὴ
933 2699 1162 2780 συνδιατιθῇ,

148 2804 221 2889 μηδ’
243 2805 467 2888 ἐγκαταλείπῃ
487 2809 529 2887 τῇ
550 2804 685 2891 διανοίᾳ
704 2809 822 2877 πλεῖον
840 2814 904 2869 τοὺ
920 2808 1099 2889 λεγομένου
1111 2803 1162 2868 τά

148 2912 464 3000 άναθειιροὺμενον,
483 2913 591 3000 πίοτη
610 2914 655 2992 δ’,
677 2919 719 2981 ἀν
740 2907 782 2978 τδ
805 2916 941 2999 συνεχές
962 2916 1161 2998 ἐπισκοπῇς,

147 3021 194 3095 είς
212 3021 420 3096 ἀπαὺξησιν·
441 3022 502 3085 οὑκ
519 3024 562 3088 ἀν
577 3024 622 3086 ἔτ’
643 3024 766 3100 ἀληθὲς
783 3026 865 3105 ὑψος
880 3024 927 3098 ε’ίη
941 3069 949 3101 ,
965 3017 1081 3115 μέχρι
1102 3023 1161 3105 μό-

144 3150 201 3203 νης
222 3132 279 3205 τῆς
297 3130 393 3203 ἀκοῆς
412 3131 610 3216 σωζόμενον.
652 3137 763 3197 Τοῦτο
792 3132 927 3215 γάρτῷ
954 3133 1028 3196 ὄντι
1049 3131 1159 3214 μέγα,

146 3236 187 3300 οὑ
203 3237 311 3309 πολλὴ
331 3238 389 3319 μέν
410 3239 428 3311 ἡ
450 3240 696 3325 ἀναθεώρησις,
719 3241 881 3312 δύσκολος
901 3238 956 3315 δέ,
979 3241 1107 3323 μᾶλλον
1125 3238 1158 3300 δ’
1191 3249 1199 3320 j

147 3342 314 3417 ἀδύνατος
333 3346 351 3417 ἡ
372 3346 687 3423 κατεξανάστασις,
717 3348 840 3432 ἰσχυροί
864 3347 901 3409 δὲ
924 3349 941 3419 ἡ
966 3349 1071 3431 μνήμη
1096 3348 1159 3408 καὶ

73 3470 80 3479 ·
146 3449 419 3526 δυσεξάλειπτος.
457 3454 563 3530 ’Όλως
590 3454 626 3516 δὲ
655 3456 876 3540 καλά’νόμιζε
903 3455 967 3536 ὑὺη
988 3456 1046 3516 καὶ
1076 3454 1157 3528 ἀλη·

147 3556 251 3636 θινοί,
278 3558 326 3620 τά
352 3560 540 3636 διαπαντάς
571 3563 760 3648 ἀρέσκοντα
793 3565 852 3625 καὶ
879 3569 998 3627 πᾶσιν.
1041 3561 1155 3627 Ὅταν

144 3666 208 3752 γάρ
226 3675 299 3741 τοῖς
320 3667 389 3732 ἀπδ
407 3670 578 3755 διαφόρων
599 3670 1014 3756 έπιτηδευμάτων,,βίων,
1036 3673 1154 3748 ζήλων,

147 3775 300 3853 ἡλικιῶν,
321 3776 437 3859 λόγων,
459 3776 494 3843 έν
511 3803 546 3840 τι
563 3780 622 3842 καί
636 3778 765 3844 ταὺτάν
781 3779 852 3864 ἀμα
866 3781 1023 3862 περὶτῶν
1039 3783 1153 3844 αὐτῶν

146 3878 257 3945 ἅπασι
286 3884 386 3970 δοκῇ,
421 3887 499 3947 τόθ’
524 3890 542 3962 η
571 3890 604 3965 ἐξ
633 3890 844 3973 ἀσυμφώνων
877 3891 918 3965 ὡς
952 3890 1059 3974 κρίσις
1093 3888 1153 3949 καὶ

146 3989 398 4074 συγκατάθεσις
421 3996 484 4068 τὴν
508 3997 563 4058 ἐπὶ
583 4004 631 4079 τῷ
655 3999 898 4080 θαυμαζομένῳ
918 3999 1038 4079 πίστιν
1057 3998 1152 4081 ίσχυ·

145 4096 208 4182 ράν
224 4099 389 4183 λαμβάνει
409 4102 468 4164 καί
485 4105 750 4190 ἀναμφίλεκτον.
792 4109 897 4184 (Sect.
916 4108 1007 4183 VII.)
1047 4168 1056 4181 ,
