2610 4800
727 224 847 305 aaa.
950 166 953 174 ¹

269 432 393 487 temere
414 442 456 484 ,rc
475 419 568 484 nulla
590 419 718 484 ratione
740 440 853 482 causae
873 418 907 483 in
925 418 1002 481 foro
1021 416 1156 497 dicant,
1186 439 1256 483 non·

269 532 353 593 nulli
374 539 482 592 antem
503 524 637 613 propter
661 528 929 591 exercitationem
950 537 1008 589 aut
1032 538 1169 611 propter
1189 548 1251 589 cor·

268 637 479 701 suetudinem
500 635 643 718 aliquam
660 635 811 698 callidius
832 636 866 697 id
885 635 1030 709 saciant;
1053 654 1122 696 non
1143 634 1249 699 catila-

267 747 380 822 bium,
404 743 510 827 quin,
534 745 562 804 ei
582 745 655 826 quis
674 744 962 822 animadverterit,
986 743 1069 827 quid
1089 744 1147 822 eit,
1170 762 1249 827 qnare

269 852 483 932 aliimclius,
509 852 822 943 quamaliidicant,
846 853 881 913 id
898 852 1145 936 posaitnotare.
1184 852 1250 935 Ergo
1296 874 1299 881 ·

271 961 305 1022 id
320 960 385 1044 'qui
407 971 476 1023 toto
496 961 530 1021 in
548 983 665 1044 genere
683 963 819 1040 feccrit,
851 961 923 1021 issi
944 982 1011 1023 non
1030 946 1132 1046 plane
1150 968 1249 1037 arten,

270 1070 411 1152 atquasi
429 1074 531 1131 arteni
552 1069 716 1152 quandam
738 1069 914 1132 invenerit.
944 1106 986 1119 ·-
1007 1104 1050 1117 -
1091 1070 1187 1131 Nilne
1202 1068 1249 1129 liae

267 1199 438 1262 propono,
468 1174 562 1260 'quod
580 1167 660 1238 inihi
676 1178 841 1260 persuasi,
873 1178 1022 1261 quamvis
1048 1191 1100 1238 are
1120 1197 1186 1238 non
1202 1174 1249 1251 ait,

269 1296 380 1348 tamen
413 1284 494 1344 nihil
521 1306 592 1347 esse
614 1288 759 1368 perfeeto
784 1295 914 1346 oratore
938 1282 1152 1366 praeclarius.
1189 1284 1251 1345 Nan
1296 1282 1299 1291 “

269 1403 309 1456 nt
334 1412 431 1453 nsum
463 1392 596 1455 dicendi
626 1393 792 1470 omittam,
825 1391 882 1475 qui
910 1391 945 1453 in
977 1391 1068 1453 omni
1096 1396 1251 1475 pacataot
1297 1391 1299 1395 ’

268 1499 373 1581 libera
393 1501 527 1564 civitate
548 1501 753 1577 dominatur,
775 1510 867 1588 tanta
887 1501 1065 1563 oblectatio
1082 1498 1182 1563 estin
1198 1498 1253 1583 iptt'

268 1609 429 1671 facultate
446 1609 598 1687 dicendi,
621 1621 658 1671 ut
679 1608 762 1670 nihil
782 1607 953 1670 hominum
970 1617 1028 1669 aut
1047 1609 1192 1684 auribus,
1209 1612 1249 1665 art

267 1717 434 1779 mentibus
461 1714 640 1800 jucundius
661 1716 787 1801 percipi
806 1716 921 1800 possit.
964 1716 1029 1795 Qui
1048 1714 1136 1778 enim
1155 1724 1247 1779 cantu
1266 1774 1270 1781 .

268 1834 413 1887 moratae
448 1825 606 1891 orationis
646 1825 925 1909 pronunciatione
963 1824 1094 1887 dulcior
1131 1816 1270 1887 inveniri·

267 1933 399 2018 puteat?
422 1932 511 2014 quod
526 1955 657 1996 carmen
675 1933 853 1996 artificiosa
865 1934 1040 1995 verborum
1056 1922 1248 1994 conclusione

269 2040 402 2122 aptius?
426 2040 483 2122 qni
500 2050 592 2102 actor
610 2043 644 2102 in
664 2042 840 2119 imitanda,
864 2064 963 2125 quam
984 2050 1096 2102 orator
1115 2041 1151 2103 in
1166 2034 1249 2101 aurci·

268 2147 389 2233 pienda
421 2148 560 2211 veritate
594 2148 794 2234 jucundiori
837 2150 925 2231 Quid
956 2159 1068 2211 autem
1097 2145 1249 2219 subtilius,

271 2278 370 2338 quam
398 2267 514 2319 acutae
542 2258 742 2340 crebraeque
764 2257 972 2321 sententiae?
1004 2250 1250 2341 quid'admirdl

269 2363 357 2441 lius,
388 2385 487 2447 quam
508 2385 560 2425 res
580 2363 751 2449 splendore
779 2365 944 2428 illustrata
966 2363 1163 2427 verboruml
1191 2356 1251 2446 qnid

269 2470 401 2556 plenius
414 2518 424 2552 ,
449 2495 548 2557 quam
572 2473 663 2535 omni
681 2496 791 2536 rerum
817 2495 936 2558 genere
963 2473 1128 2547 cumulata
1147 2464 1252 2536 oratio?

269 2580 385 2663 Neque
407 2583 495 2644 enim
521 2582 589 2643 ulla
618 2604 684 2643 non
708 2581 840 2665 propria
859 2581 996 2644 oratorie
1017 2589 1160 2657 astrea,
1188 2594 1253 2661 quat

272 2687 406 2771 quidem
430 2678 544 2753 ornate
568 2690 640 2773 dici
668 2690 875 2773 graviterque
901 2689 1025 2751 debeat.
1068 2684 1254 2768 (tllett
1291 2754 1299 2769 Ι

269 2794 375 2880 Hujus
399 2806 449 2859 est
471 2799 505 2858 in
534 2797 641 2859 darrdo
669 2796 810 2863 consilio
834 2796 874 2858 de
903 2795 1050 2858 maximis
1074 2796 1255 2859 rebus-nau
1290 2802 1299 2867 ζ

271 2903 433 2986 dignitate
461 2906 621 2989 explicata
648 2905 826 2969 sententia:
859 2902 1004 2988 ejusdem
1024 2912 1058 2967 et
1085 2898 1299 2989 languentit·‘'

270 3010 386 3094 populi
405 3013 546 3076 imitatio
571 3023 604 3076 et
625 3011 772 3076 effrenati
797 3012 987 3074 moderatio.
1028 3011 1153 3074 Eadem
1172 3006 1257 3075 facul·

270 3130 340 3183 tate
363 3131 396 3184 et
413 3122 502 3184 frana
528 3123 698 3185 hominum
724 3121 764 3182 ad
790 3120 970 3205 perniciem
989 3130 1023 3182 et
1040 3099 1258 3203 integritaui
1295 3172 1299 3201 ·.

272 3226 411 3290 salutem
434 3240 579 3293 vocatur.
623 3230 704 3308 Quis
727 3228 891 3292 cohortari
912 3227 953 3288 ad
974 3227 1133 3291 virtutem
1155 3228 1260 3291 arden·
1289 3208 1299 3289 ³.

272 3335 359 3412 tius,
390 3337 463 3418 quis
489 3357 506 3396 a
531 3336 620 3399 vitiis
644 3337 753 3399 acrius
778 3357 956 3412 rovocare,
991 3335 1261 3420 qnia'vituperart
1295 3388 1299 3425 ⁴.

271 3440 437 3526 improbos
455 3444 621 3527 asperius,
640 3445 719 3528 ¹quis
737 3444 868 3506 laudare
884 3444 989 3505 bonne
1001 3442 1156 3506 ornatius
1166 3490 1177 3522 ,
1199 3442 1262 3528 quit
1289 3432 1299 3505 l

273 3552 488 3636 cupiditatem
509 3552 734 3615 vehementius
754 3554 902 3636 frangere
925 3542 1125 3629 accusando,
1145 3548 1266 3635 potest?
1293 3536 1299 3625 l

274 3658 348 3740 quia
376 3682 556 3723 moerorem
579 3660 687 3722 levare
716 3659 829 3721 mitius
860 3658 1087 3721 consolando?
1130 3657 1269 3723 Historia
1297 3642 1299 3705 l

271 3786 349 3827 vero
368 3770 460 3831 testis
477 3779 685 3852 temporum,
716 3769 774 3828 lux
793 3767 964 3846 veritatis,
995 3766 1066 3828 vita
1086 3766 1268 3843 memoriae,

272 3873 425 3958 uragietra
440 3876 549 3956 vitae,
574 3876 690 3942 nuntia
707 3875 902 3953 vetustatis,
924 3897 989 3960 qua
1005 3862 1087 3937 voce
1106 3875 1190 3955 alia,
1213 3875 1272 3941 nisi
