2610 4800
607 413 688 487 11⁸

108 614 112 621 ’
150 622 275 700 ίχοιμι·
315 619 447 698 μακρόν
468 615 531 696 γὰρ
554 612 597 675 οἷν
628 611 723 693 οἶμαι
749 613 839 693 πάνυ
868 610 1003 684 δεήσειν
1035 614 1138 696 λόγον.

150 722 224 784 ἀλλ’
246 721 335 782 αὐτὰ
360 721 406 781 τὰ
431 719 665 804 φανερώτατα.

170 866 176 872 -
210 831 274 903 Τῆς
308 830 366 909 μὲν
396 825 454 891 οὖν
483 829 653 908 αὐστηρᾶς
684 827 844 911 ἁρμονίας
874 827 1008 902 τοιόςδε
1043 830 1102 891 καί
1126 830 1140 892 ό

149 914 330 1019 χαρακτήρ.
354 934 543 1018 ἐρείδεσθαι
560 935 719 1016 βοέλεται
733 933 781 995 τά
797 934 953 1016 ὀνόματα
968 936 1142 1018 ἀσφαλῶς,

66 1096 70 1103 .
148 1045 206 1103 καὶ
227 1042 367 1115 στάσεις
388 1041 573 1123 λαμβάνειν
595 1041 734 1124 ἰσχυράς
742 1086 753 1117 ,
775 1040 853 1104 ὥστ’
872 1043 907 1104 έκ
926 1037 1142 1127 περιφανείας

147 1258 247 1340 μόρια
266 1256 465 1329 διαστάσεις
488 1256 681 1338 ἀξιολόγους
701 1259 879 1331 αἰσθητοῖς
899 1257 1034 1339 χρόνοις
1056 1258 1144 1344 διειρ-

146 1365 286 1447 γόμενα·
315 1363 489 1448 τραχείαις
514 1385 553 1423 τε
576 1366 726 1448 χρῆσθαι
750 1365 907 1447 πολλαχῇ
928 1365 987 1425 καὶ
1014 1364 1145 1429 άντιτί·

147 1492 223 1545 ποις
239 1481 314 1544 ταῖς
332 1472 530 1554 συμβολαῖς,
551 1471 647 1535 οὐδὲν
662 1473 747 1556 αὐτῇ
765 1471 934 1556 διαφέρει,
956 1471 1031 1537 οἷον
1046 1474 1145 1556 γίνοε·

147 1601 208 1640 ται
231 1586 299 1643 τόν
322 1578 467 1660 λογάδην
492 1580 739 1661 συντιθεμένων
760 1580 793 1643 έν
814 1578 1022 1662 οἰκοδομίαις
1043 1580 1145 1644 λίθον

147 1690 184 1748 αὶ
199 1686 272 1769 μήτ’
288 1686 455 1768 εὐγώνιοι,
477 1687 557 1769 μήτε
577 1686 815 1769 συνεξεσμέναι
833 1686 969 1768 βάσεις,
993 1688 1099 1771 ἀργαὶ
1114 1686 1145 1749 δέ

147 1816 237 1869 τινες
257 1794 314 1854 καὶ
335 1794 568 1876 αοτσοχέδιοι·
592 1794 748 1876 μεγάλοις
770 1815 808 1855 τε
832 1794 890 1855 καί
911 1794 1146 1877 διαβεβηκόσιν

149 1903 195 1975 είς
216 1900 343 1976 πλάτος
367 1902 533 1985 ὀνόμασιν
555 1903 595 1974 ὡς
614 1898 661 1973 τοί
683 1902 795 1965 πολλοί
813 1901 1025 1983 μηκύνεσθαι
1045 1902 1145 1984 φιλεῖ.

147 2009 189 2071 τὸ
210 2008 274 2094 γάρ
295 2011 329 2070 ἐκ
351 2008 506 2091 βραχείας
527 2010 692 2097 συλλαβῆς
712 2010 942 2091 συνάγεσθαι,
968 2010 1145 2091 πολέμιον,

149 2119 252 2199 αὐτῇ,
283 2116 370 2188 πλὴν
387 2117 416 2177 εί
430 2138 513 2177 ποτε
539 2116 665 2199 ἀνάγκη
685 2116 847 2199 βιάζοιτο.
912 2128 914 2133 ’

210 2227 265 2286 Ἐν
289 2223 407 2304 μὲνδὴ
429 2233 500 2297 τοῖς
522 2224 668 2304 ὀνόμασι
686 2230 801 2286 τάυτα
819 2228 980 2309 πειρᾶται
1000 2227 1145 2301 διωκαε,

151 2330 209 2391 καὶ
226 2329 356 2393 τούτων
375 2311 547 2412 γλίχεται·
577 2331 610 2392 έν
624 2332 665 2392 ’δέ
682 2340 754 2406 τοῖς
771 2333 887 2405 κόλοις
908 2329 1023 2397 ταῦτά
1043 2334 1076 2395 τ’
1090 2335 1145 2416 οόχ

108 2462 110 2467 ·
150 2437 255 2515 ἦττον
284 2438 483 2514 ἰπιτηδεόει,
522 2441 578 2501 καὶ
608 2441 687 2512 τοὺς
722 2441 865 2521 ῥυθμοὺς
899 2441 978 2516 τοὺς
1002 2440 1146 2521 ἀξιωμα·

151 2546 264 2619 τικοὺς
292 2545 348 2606 καὶ
373 2547 451 2619 τοὺς
481 2548 738 2630 μεγαλοπρεπεῖς
766 2547 955 2628 ἐκλέγεται,
989 2549 1047 2610 καὶ
1075 2548 1146 2611 οὔτε

151 2649 283 2737 πάρισα
301 2653 459 2735 βοέλεται
480 2653 527 2714 τοί
545 2655 635 2715 κῶλα
651 2654 806 2727 ἀλλήλοις
826 2653 931 2733 εἶναι,
953 2655 1032 2719 οὔτε
1051 2659 1148 2739 παρέ·

153 2782 255 2847 μοια,
294 2761 363 2825 οὔτ’
395 2761 565 2844 ἀναγκαίᾳ
599 2760 804 2825 δουλεύοντα
836 2761 1043 2849 ακολουθίᾳ,
1081 2761 1147 2825 ἀλλ’

154 2871 267 2953 εόγενῆ
285 2871 343 2931 καὶ
360 2869 454 2930 άπλά
472 2870 530 2930 καί
551 2869 718 2954 έλεόθερα.
741 2870 843 2952 φύσει
859 2870 890 2930 τ’
907 2869 1053 2934 ἐοικέναι
1074 2870 1148 2955 μάλ
1179 2938 1186 2955 η

70 3024 74 3035 .
108 3013 111 3018 -
151 2980 211 3041 λον
239 2977 330 3039 αὐτοί
355 2979 531 3060 βούλεται,
559 2972 580 3052 ἦ
603 2977 720 3061 τέχνη,
748 2977 806 3039 καί
826 2976 917 3040 κατά
936 2977 1051 3065 πάθος
1068 2979 1150 3062 λέγε·

154 3086 408 3168 σθαιμοῖλλον,
436 3087 458 3159 ἢ
482 3087 556 3148 κατ’
573 3083 663 3161 ἦθος.
692 3070 867 3168 περιόδους
893 3086 929 3148 δὲ
951 3087 1150 3152 συντιθέναι

154 3194 419 3273 συναρτιζοόσας
435 3195 497 3257 τὸν
514 3201 593 3258 νοῦν
609 3192 657 3256 τοί
675 3194 795 3259 πολλοί·
806 3194 865 3277 μέν
882 3194 959 3254 οέτε
976 3194 1150 3275 βούλεται·

156 3300 184 3363 εί
201 3300 236 3363 δέ
254 3322 337 3363 ποτε
354 3302 552 3384 αὐτομάτως
571 3301 745 3365 ἐπὶτοῦτο
763 3303 1000 3384 κατενεχθείη,
1020 3304 1065 3365 τὸ
1083 3304 1153 3366 άνε-

113 3388 117 3397 ¹
154 3398 359 3481 πιτήδευτον
377 3409 551 3491 ἐμφαίνειν
564 3409 675 3470 ἐθέλει
690 3410 748 3471 καί
764 3410 899 3488 ἀφελές·
924 3408 1001 3471 οὔτε
1015 3398 1155 3495 προςθό·

156 3535 229 3587 καις
249 3514 344 3577 τισίν
362 3512 556 3597 ὀνομάτων,
576 3516 635 3611 ἵνα
652 3519 669 3577 ὁ
687 3516 803 3591 κόκλος
823 3517 1016 3600 ἐκπληρωθῇ
1022 3565 1032 3597 ,
1055 3516 1156 3601 μηδὲν

158 3621 364 3702 όφυλοόσαις
389 3624 452 3686 τόν
476 3625 555 3686 νοῦν
577 3625 743 3707 χρωμένη,
775 3623 848 3687 οὔθ’
873 3623 959 3698 ὅπως
984 3626 1020 3685 αἱ
1038 3625 1157 3705 βάσεις

158 3729 270 3790 αὐτόν
282 3733 433 3810 γένοιντο
446 3729 630 3815 θεατρικαί
643 3753 743 3807 τινες,
764 3733 784 3806 ἢ
801 3731 983 3816 γλαφυραὶ,
1005 3730 1157 3805 σπουδὴν

158 3835 303 3917 Ιχουσα·
325 3838 392 3899 οὔδ’
411 3838 471 3903 ἵνα
489 3844 538 3922 τῷ
555 3838 725 3922 πνεόματι
740 3842 802 3902 τοῦ
822 3839 977 3922 λέγοντος
999 3836 1085 3903 άσιν
1103 3839 1159 3901 αό-

158 3940 301 4030 τάρκαις
331 3946 618 4028 σομμετροόμεναι
652 3943 700 4029 μά
731 3945 804 4009 Δία
840 3945 909 4009 οὐδ’
940 3944 1045 4021 ἄλλην
1076 3943 1160 4012 τινά

158 4048 393 4137 πραγματείαν
410 4052 572 4125 τοιαότην
590 4051 788 4127 επιτηδεόει,
809 4053 876 4117 οὔδ’
893 4053 949 4115 ίπί
965 4057 1024 4127 τῆς
1041 4053 1160 4119 τοιαό·
