2610 4800
615 378 679 456 ‘10

144 579 262 652 νιτοος
295 577 526 662 παρεχόμενον
553 578 633 654 τοὺς
670 576 812 661 ἔχοντας
846 576 996 659 ἀγαθὸν,
1012 550 1163 646 ἐπαιίνοο

146 687 256 762 ἄξιον·
280 686 394 769 ἑτέροις
408 685 464 762 dl,
485 688 526 747 τὸ
544 683 580 747 εὖ
592 685 779 768 πεφυκέναι
793 686 875 770 πρὸς
887 686 929 749 τὸ
944 685 1031 750 ἴδιον
1050 687 1160 771 ἔργον.

147 794 254 868 ἄλλως
275 793 330 870 δὲ,
358 796 399 855 τὸ
424 795 647 878 ἐπικοσμοῦν,
680 792 764 857 ὅταν
787 793 931 876 λέγωμεν
954 793 1017 857 τὸν
1041 799 1160 877 σοφὸν

146 900 359 985 ἀγαθὸνκαὶ
383 903 488 967 καλὸν
515 902 604 967 εἶναι
630 900 766 986 λέγουσι
793 900 829 963 δὲ
854 905 956 982 μόνον
978 905 1021 964 τὸ
1047 906 1160 970 καλὸν
1199 948 1200 961 1

145 1010 281 1092 ἀγαθὸν
305 1008 392 1074 εἶναι
415 1009 452 1088 *).

594 1119 618 1200 S·
670 1124 701 1186 5.

143 1257 295 1316 Plotinrrs.¹
315 1257 515 1330 (Philosophus
533 1257 597 1320 hic,
616 1257 904 1313 Neo-Platonicorum
922 1266 996 1313 certe
1013 1259 1158 1334 princeps,

214 1363 245 1415 in
272 1362 377 1434 scriptis
401 1363 457 1416 suis
484 1373 603 1416 nostram
629 1380 741 1436 quoque
766 1381 823 1417 rem
847 1364 1094 1438 saepiusattigit3
1131 1366 1165 1418 in

174 1488 180 1505 ⁸
215 1476 293 1521 sexto
312 1475 405 1522 autern
424 1466 546 1523 Ennead
565 1471 586 1522 I
606 1468 696 1534 libro,
717 1470 765 1541 qui
783 1475 846 1548 περὶ
836 1474 922 1527 orori
939 1467 1064 1527 καλοῦ
1056 1471 1160 1525 inscri-

214 1567 306 1635 bitur,
335 1573 463 1625 consulto
482 1589 541 1626 earn
559 1571 612 1625 sibi
630 1572 800 1626 tractandam
819 1572 952 1625 assumsit
995 1573 1088 1668 Ipsius
1109 1574 1160 1647 de·

214 1683 289 1728 creta
308 1675 483 1746 aplatonicis
501 1655 623 1749 proxime
642 1677 742 1730 absunt
761 1693 880 1747 cumque
897 1674 993 1728 iisdem
1008 1675 1158 1729 maximam

212 1776 269 1830 fere
289 1787 393 1849 partem
412 1770 598 1832 consentiunt.
636 1779 715 1848 Quae
731 1788 902 1850 sequuntur,
923 1778 1023 1831 Plotini
1041 1778 1077 1831 de
1091 1781 1160 1853 pul-

116 1943 119 1948 *
213 1879 372 1953 cirritodine
391 1881 533 1935 doctrinae
552 1899 684 1934 summam
703 1881 833 1934 exhibere
851 1879 1000 1951 videntur)
1017 1879 1066 1951 **).
1113 1916 1115 1920 ν

207 2039 255 2104 Τὸ
285 2040 391 2104 καλὸν
417 2040 494 2103 ἔστι
526 2043 584 2124 μὲν
607 2041 641 2105 ἒν
670 2040 745 2122 ὄψει
766 2041 951 2105 πλεῖστον·
981 2041 1057 2103 ἔστι
1075 2040 1106 2102 δ’
1123 2043 1159 2107 ἕν

145 2146 263 2218 ἀκοαῖς
282 2149 373 2207 κατά
390 2167 429 2207 τε
449 2147 552 2230 λόγων
570 2148 745 2224 συνθέσεις
756 2193 766 2224 ,
798 2148 927 2211 ἔστιδὲ
946 2142 1003 2208 καὶ
1024 2149 1059 2211 ἐν
1079 2173 1158 2233 μου·

180 2333 207 2408 *)
229 2336 388 2389 Doctrinsm
412 2335 485 2391 hanc
510 2336 545 2390 de
571 2338 750 2405 congruentia
774 2343 832 2395 τοῦ
849 2335 951 2394 καλοῦ
968 2347 996 2391 et
1015 2338 1155 2414 ἀγαθοῦ,

233 2448 316 2503 quarn
336 2432 418 2484 etiam
436 2432 563 2484 Plotium
582 2430 631 2502 (ut
648 2432 717 2484 infra
735 2433 828 2487 videre
848 2431 907 2503 est)
925 2433 1090 2505 profitetur,
1121 2452 1155 2487 ex

233 2524 351 2580 Plutone
370 2545 427 2580 esse
446 2526 640 2591 derivandam,
659 2529 706 2583 rix
724 2529 899 2582 dubitaveris.
937 2528 978 2580 Cf.
997 2547 1020 2582 v.
1039 2547 1061 2596 g.
1082 2528 1153 2584 Plat.

232 2619 262 2673 in
280 2621 368 2675 Alcib.
389 2624 413 2676 1.
435 2623 530 2697 ”0,τι
555 2618 592 2677 olo
619 2620 686 2694 ἅμα
703 2624 829 2700 εὕρωμεν
847 2622 943 2680 καλόν
961 2643 993 2680 τε
1011 2628 1064 2679 καὶ
1082 2626 1154 2694 ἀγα·

230 2716 291 2777 δὸν
309 2717 468 2793 εὑρήσομεν
488 2715 516 2774 ts
535 2737 565 2787 γε
583 2722 697 2776 τούτου
715 2725 774 2776 τοῦ
791 2719 891 2789 λόγου.
917 2717 1154 2790 (p.3o.ed.13ip.

233 2820 263 2864 et
280 2830 305 2883 p.
321 2817 355 2868 28
370 2810 467 2884 seqq.)
504 2815 573 2867 ltem
588 2814 618 2866 in
634 2817 775 2883 Protagora
793 2834 819 2887 p.
839 2821 914 2885 189„
935 2812 984 2864 ubi
1000 2814 1039 2866 sic
1053 2811 1153 2867 habet:

232 2907 306 2960 Socr.
344 2908 411 2975 Τὰς-
427 2912 482 2984 pite
500 2908 595 2977 καλὰς
611 2909 725 2988 πράξεις
744 2911 861 2975 ἀνιάσας
881 2908 1014 2976 ἀγαθὰς,
1035 2907 1154 2982 duolio·

229 3005 368 3073 γὴσαμιν.
405 3005 477 3057 Prot.
514 3000 630 3072 Ἀληθῆ
654 3003 762 3073 λέγοις·
790 3007 845 3058 καὶ
872 3004 917 3058 ἀεὶ
947 3001 1043 3077 ἓμοιγι
1070 3001 1155 3062 δοκεῖ

230 3096 385 3167 οὕτως’*
405 3127 438 3139 -
459 3125 489 3138 ·-
529 3100 603 3154 Socr.
639 3103 774 3170 Οὐκοῦν,
800 3103 878 3173 εἰπερ
895 3095 991 3154 καλὸν
1009 3103 1062 3154 καὶ
1080 3100 1154 3169 ἀγα·

230 3191 308 3266 δὸν,
327 3199 379 3250 καὶ
397 3192 473 3269 ἡδύς
510 3195 581 3248 Prot.
617 3191 822 3268 Ὡμολόγητοιι
839 3197 920 3263 γοῦν.
956 3192 1027 3247 Vide
1041 3193 1155 3267 insuper

124 3346 127 3351 ⁴
232 3286 313 3357 Hipp.
333 3289 395 3353 maj.
414 3307 440 3359 p.
460 3287 501 3356 54.
538 3286 645 3339 Phileb.
670 3305 696 3356 p.
719 3289 768 3356 317
791 3305 867 3359 seqq.
904 3287 1027 3360 Sympos.
1053 3305 1081 3358 p.
1101 3291 1155 3344 218

230 3389 259 3435 et
283 3369 393 3455 psarz
406 3398 482 3452 seqq.
517 3409 549 3422 -·
603 3381 748 3435 Ciceronis
774 3382 910 3435 sententia
936 3382 1075 3436 notissima
1102 3390 1153 3436 est

230 3477 262 3531 V.
282 3495 306 3545 g.
326 3475 361 3529 de
380 3475 456 3528 finib.
476 3478 528 3531 111.
546 3495 588 3530 aa.
625 3478 733 3531 «Recte
760 3477 842 3531 etiam
867 3478 984 3547 pulcher
1001 3476 1155 3548 appellabi-

231 3579 278 3624 tur
290 3573 366 3643 (scil.
380 3568 520 3644 sapiens);
540 3573 623 3627 animi
636 3575 709 3628 enim
723 3574 891 3628 lineamenta
905 3583 971 3627 sunt
983 3572 1152 3646 pulchriora,

231 3684 314 3737 quam
332 3668 483 3741 corporis.»
521 3668 562 3725 Cf,
581 3669 696 3726 Tuscul.
715 3669 783 3743 disp.
802 3670 820 3721 1.
840 3670 886 3725 IV.
907 3686 932 3724 c.
955 3673 993 3722 13.

168 3759 208 3833 **)
232 3762 344 3817 Librum
368 3783 449 3839 supra
473 3765 619 3820 laudatum
645 3766 773 3822 celeberr.
800 3767 845 3819 Fr.
868 3767 1020 3818 &emerus
1040 3766 1151 3819 seorsim

233 3857 321 3911 edidit
345 3861 396 3915 sub
420 3863 462 3917 tit
489 3864 598 3916 Plotini
621 3863 694 3942 liber·
716 3860 750 3915 de
775 3858 995 3934 pulchritudine.
1038 3860 1152 3915 Heidel-

232 3952 347 4021 bergae,
376 3958 449 4028 18¹4.
486 3978 570 4032 quarn
594 3958 708 4034 quidem
726 3957 876 4014 editionem
894 3957 1150 4030 praestantissimam

231 4066 281 4103 nos
299 4049 346 4105 hic
363 4053 511 4125 sequimur.
