2610 4800
588 406 672 484 565

163 627 246 671 maes
269 606 305 669 iu
331 607 480 674 oratioue
509 627 581 671 esse
605 606 697 691 quasi
726 606 899 692 permistos
925 617 958 670 et
975 605 1130 673 confusos

159 715 248 801 pedem
281 738 342 779 nec
357 717 445 779 enim
460 718 600 799 elingere
616 738 783 799 possemus
804 714 1130 795 animadversionem,

158 821 315 907 risemper
344 823 460 886 iisdem
489 835 679 897 uteremur;
721 823 798 907 quia
826 806 932 905 neque
958 844 1130 884 numerosa

131 940 225 1010 ruse,
254 944 293 995 ut
313 943 450 1015 poema5
486 954 593 1015 neque
621 943 710 993 extra
737 952 927 1005 numerum,
958 941 995 992 ut
1024 949 1130 991 sermo

151 1038 309 1123 rulgiest,
341 1040 569 1103 debetoratio.
613 1039 762 1099 Alterum
784 1038 879 1098 nirnis
902 1036 1129 1115 estrinctum,

150 1147 223 1211 ude
241 1146 402 1209 industria
417 1136 540 1210 fuctum
557 1158 729 1230 appareat;
753 1146 893 1208 alterum
910 1145 1005 1205 nimis
1025 1145 1131 1206 disso-

147 1254 260 1333 lutum,
295 1266 332 1318 ut
350 1267 577 1338 pervagatum,
609 1275 646 1315 ac
672 1254 805 1337 vulgare
826 1246 990 1315 videatur:
1028 1264 1065 1315 ut
1091 1253 1131 1314 ab

145 1362 233 1429 ituro
254 1383 320 1423 non
337 1361 517 1442 delectere,
551 1362 689 1423 alterum
714 1360 832 1422 oderis.
874 1361 924 1423 Sit
945 1359 1046 1443 igitur
1072 1363 1131 1440 (ut

145 1488 227 1555 upra
247 1467 334 1546 dixi)
353 1470 526 1553 permista,
552 1480 584 1531 ct
602 1478 780 1552 temperata
800 1467 961 1544 numeris,
985 1489 1046 1529 nec
1062 1468 1130 1529 dis·

144 1578 255 1657 soluta,
280 1598 342 1639 nco
361 1586 428 1639 totu
448 1599 638 1654 numerosa,
661 1599 784 1660 paeone
800 1577 936 1639 maxime
956 1575 1129 1658 (quoniam

143 1685 275 1767 optimus
292 1693 409 1746 auctor
426 1684 472 1747 ita
490 1690 642 1761 censet),
665 1683 721 1745 sed
740 1683 878 1766 reliquis
897 1682 994 1745 etiam
1014 1705 1130 1744 nume·

143 1790 194 1872 ris,
224 1812 308 1876 quos
327 1791 383 1855 illc
398 1792 575 1874 praeterit,
598 1801 786 1875 temperata.
828 1793 917 1867 Quos
940 1802 1047 1853 autem
1067 1813 1130 1851 nu-

142 1920 260 1978 ueros,
298 1922 374 1962 cum
401 1900 544 1982 quibus,
584 1910 741 1982 tanquam
763 1921 959 1985 purpuram,
999 1899 1128 1964 misceri

140 2016 300 2092 oporteat,
337 2029 425 2068 nuuc
457 2006 632 2067 dicendum
660 2017 730 2082 cst,
764 2015 862 2088 atque
892 2007 989 2068 ctiam
1009 2007 1128 2089 quibus

138 2112 288 2176 orationis
317 2113 487 2196 generibus
523 2112 590 2174 sint
625 2113 747 2194 cuique
778 2102 1153 2191 accommodatissimig'

133 2217 254 2306 jambus
274 2221 361 2285 enim
377 2221 663 2303 frequentissimus
684 2232 734 2283 cst
752 2221 784 2280 in
802 2221 841 2282 iis
852 2267 861 2298 ,
886 2244 969 2304 qnae
989 2221 1129 2285 demisso

131 2340 228 2413 atque
250 2328 364 2391 humili
383 2349 532 2391 sermone
550 2329 714 2390 dicuntur.
759 2331 867 2391 Paeon
885 2342 992 2393 autem
1009 2332 1041 2393 in
1061 2354 1130 2391 am-

131 2438 305 2521 plioribus:
337 2436 371 2497 in
398 2445 538 2519 utroque
564 2437 723 2521 dactylus.
772 2441 820 2501 Ita
838 2439 871 2498 in
894 2440 983 2499 varia
1005 2452 1037 2501 et
1055 2462 1132 2523 per·
1205 2485 1209 2499 .

131 2557 226 2631 petua
241 2544 389 2606 oratione
402 2543 436 2603 hi
453 2555 531 2606 sunt
544 2544 630 2605 inter
644 2567 677 2605 se
692 2544 849 2606 miscendi
865 2553 896 2606 et
910 2547 1129 2628 temperandi;

131 2653 175 2717 tic
195 2651 333 2715 minime
354 2650 631 2733 animadvertetur
651 2652 876 2714 delectationis
895 2657 1077 2735 aucupium,
1097 2662 1133 2717 et

131 2760 341 2845 quadrandae
357 2760 515 2821 orationis
534 2759 712 2820 industria:
736 2783 819 2844 quae
835 2761 949 2823 latebit
966 2783 1004 2823 eo
1020 2761 1133 2844 magis,

132 2866 159 2945 si
186 2879 220 2931 et
247 2850 422 2930 verborum
449 2876 482 2929 et
502 2868 741 2929 sententiarum
765 2869 964 2950 ponderibus
994 2878 1132 2929 utemur.

134 2977 295 3060 Numqui
323 2977 484 3052 audiunt,
516 2975 597 3037 haec
626 2975 690 3037 duo
710 2977 992 3052 animadvertunt,
1024 2990 1056 3038 ct
1080 2975 1133 3060 ju-

136 3085 241 3147 cunda
266 3085 328 3145 sibi
349 3094 506 3161 censent,
535 3085 633 3146 verba
656 3083 731 3145 dico
749 3093 781 3144 et
802 3085 1000 3145 sententias:
1030 3105 1134 3164 eaque
1159 3089 1168 3099 ‘

137 3191 209 3255 dum
236 3192 354 3269 animis
391 3190 525 3253 attentis
553 3192 749 3253 admirantes
777 3192 946 3274 excipiunt
967 3192 1050 3273 sugit
1078 3211 1133 3251 eos

140 3310 168 3362 ct
193 3300 415 3385 praetervolat
441 3321 614 3361 nanterus:
649 3301 706 3382 qui
737 3312 843 3363 tamen
874 3300 901 3359 si
929 3294 1134 3360 abesset'illa

140 3405 202 3490 ipse
222 3407 435 3469 delectarent
477 3408 545 3469 Nec
563 3429 640 3483 vero
660 3408 781 3469 nimius
807 3408 834 3468 is
862 3429 977 3469 cursus
998 3416 1045 3466 est
1072 3426 1135 3463 uu-

142 3534 319 3590 merorum,
342 3513 499 3575 orationis
515 3514 589 3575 dico
609 3519 768 3599 (uamest
783 3515 879 3597 longe
899 3515 994 3575 alitor
1010 3514 1043 3573 in
1062 3534 1137 3572 ver-

144 3620 248 3700 sibus),
268 3621 350 3685 nihil
365 3632 402 3684 ut
416 3621 472 3681 fiat
486 3636 578 3685 extra·
590 3622 717 3682 modum
726 3649 738 3691 ;
762 3644 835 3681 nam
853 3623 884 3682 id
901 3621 1030 3703 quidem
1047 3629 1134 3683 essct

143 3741 265 3811 poema:
303 3729 361 3791 sed
388 3729 493 3789 omnis
517 3750 576 3789 nec
597 3729 811 3805 claudicans,
841 3751 902 3790 ncc
931 3728 1023 3809 quasi
1049 3726 1134 3788 ssuc-

145 3843 252 3914 luans,
275 3848 308 3899 et
332 3834 531 3917 aequaliter,
564 3845 821 3919 constanterque
840 3837 873 3897 in
897 3835 1046 3912 rediens,
1070 3858 1134 3896 nu-

148 3959 261 4004 merosa
288 3920 427 4003 habetur
456 3940 570 4002 oratio.
615 3944 725 4026 Atque
751 3943 785 4005 id
806 3943 839 4003 in
864 3858 1002 4004 ‹dcendo
1023 3963 1133 4003 nume·

150 4065 246 4113 rosum
263 4058 421 4135 putatur,
452 4069 518 4111 uon
546 4049 635 4134 quod
656 4059 763 4111 totum
780 4059 912 4112 constat
932 4072 950 4113 e
970 4047 1132 4123 numeris,
