2610 4800
614 105 700 208 559

163 319 219 393 nt,
247 312 279 375 si
295 310 337 375 nt
356 328 503 396 equum,
534 310 690 391 domum,
719 320 866 388 restem,
896 327 1079 373 sermonem
1101 311 1157 372 uli-

163 417 255 505 cejus
267 420 505 498 accommodes,
520 419 640 502 quibus
654 418 781 481 animus
794 439 919 496 eorum,
936 419 994 502 qui
1007 418 1157 496 nudinut,

162 524 353 613 (tuliquem
372 528 574 604 dilexerunt,
597 525 809 590 vehementer
822 538 1055 591 commoretur.
1095 529 1157 590 De·

159 633 285 718 timus,
305 658 479 722 perquem
496 635 624 720 inopia,
648 624 838 710 iufirmitas,
862 634 1005 696 solitudo
1025 636 1157 699 demon·

158 747 290 808 mter.
315 729 555 821 Undecimus,
588 766 646 827 per
671 766 769 827 quem
791 754 846 804 aut
869 743 1067 821 liberorum,
1100 757 1158 809 aut
1230 746 1240 757 '

155 864 350 933 peremtum,
382 864 440 916 aut
466 852 518 914 sui
541 851 685 936 corporis
706 850 903 936 sepeliendi,
937 862 994 913 eut
1016 850 1155 936 alicujus

154 956 315 1042 ejusmodi
333 960 381 1022 rei
397 959 636 1022 commendatio
655 959 701 1021 fit.
730 959 963 1034 Duodecimus,
983 982 1157 1043 perquem

148 1065 326 1151 disjunctio
343 1066 532 1151 deploratur
548 1067 587 1127 ub
602 1066 734 1149 aliquo,
758 1089 831 1127 curu
853 1067 1019 1129 diducaris
1039 1068 1078 1128 eb
1097 1089 1154 1146 eo,

150 1173 675 1260 quicumlibentissimevixeris,
706 1182 945 1258 utuparente,
976 1175 1064 1252 lilio,
1094 1177 1154 1236 iru-

105 1322 107 1333 ·
148 1289 242 1363 tre,
262 1280 425 1344 familiari.
468 1280 769 1359 Tertiusdecimus,
801 1303 861 1366 per·
882 1304 980 1365 quem
1005 1304 1081 1344 cum
1108 1285 1156 1344 in·

120 1372 132 1385 .
149 1387 347 1472 dlgnrtione
366 1387 622 1471 conquerimur,
656 1389 745 1471 quod
766 1389 806 1450 eb
826 1389 884 1468 iis,
918 1411 936 1448 u
955 1389 1076 1472 quibus
1094 1390 1156 1451 mi·

148 1496 244 1559 nime
262 1498 428 1559 conueniat
436 1541 449 1570 ,
470 1498 554 1558 male
566 1506 767 1574 tructemur,
791 1497 1004 1580 propinquis,
1028 1498 1154 1574 etnicis,

148 1605 277 1689 quibus
298 1604 577 1680 benefecerimus,
612 1626 694 1687 quos
716 1602 879 1687 adjutores
899 1607 967 1666 lore
987 1603 1156 1688 putaveri-

149 1703 248 1791 υπς’,
271 1722 361 1774 ente
378 1713 496 1796 quibus
513 1712 684 1795 indiguum
702 1722 770 1786 est;
805 1725 842 1775 ut
862 1713 983 1790 sorvis,
1006 1712 1151 1792 libertis,

151 1819 356 1897 clientibus,
394 1820 608 1903 supplicibus.
661 1820 978 1901 Quartusdecimus,
1012 1820 1070 1902 qui
1096 1800 1179 1902 per¹

152 1928 401 1991 obsecrationem
423 1928 579 1988 sumiturs
602 1928 635 1989 in
656 1950 722 2012 quo
740 1937 878 1989 orantur
895 1927 990 1989 modo
1006 1928 1073 2005 illi,
1097 1927 1156 2011 qni

153 2034 318 2113 audiunt,
342 2035 459 2096 humili
479 2044 510 2097 et
526 2036 667 2120 supplici
685 2034 852 2112 oratioue,
875 2045 912 2096 ut
929 2036 1154 2099 misereantur.

155 2142 470 2223 Quintusdecimus‚
493 2165 552 2225 per
573 2166 672 2227 quem
692 2165 757 2206 uon
783 2153 928 2222 nostrus,
952 2144 1008 2206 sed
1028 2165 1155 2222 eorum,

158 2251 217 2334 qui
242 2253 312 2313 cari
339 2252 432 2313 nobis
459 2251 578 2314 debent
604 2274 693 2321 esse,
725 2255 874 2314 fortunus
905 2252 1066 2335 conqueri
1095 2272 1154 2314 nos

158 2356 427 2431 demonstremus.
463 2359 729 2421 Sextusdecimus
744 2370 804 2436 est,
828 2382 995 2444 perquem
1009 2358 1155 2421 animum

110 2546 113 2551 .
159 2475 309 2529 nostrum
335 2469 370 2528 in
398 2469 478 2529 elios
506 2466 750 2529 misericordem
773 2488 843 2530 esse
867 2465 1089 2543 ostendimus,
1120 2476 1154 2527 et

159 2580 267 2636 tumen
285 2575 449 2656 emplum,
471 2585 504 2637 et
523 2575 708 2651 excelsum,
730 2585 762 2636 et
781 2574 958 2658 patientem
980 2575 1154 2636 incommo-

160 2679 275 2745 dorum
294 2703 385 2759 esse,
416 2694 450 2745 et
473 2684 639 2758 futurum,
671 2681 796 2765 siquid
815 2681 990 2758 occiderit,
1022 2681 1154 2744 dornon-

160 2784 317 2853 surmus:
347 2812 421 2852 num
444 2811 540 2876 saepe
558 2791 680 2869 virtus,
704 2803 737 2854 et
753 2790 1011 2873 magnificentia,
1035 2790 1068 2850 in
1088 2811 1154 2873 qun

160 2897 299 2980 gravitas
314 2898 543 2961 et.uuctoritas
562 2908 630 2976 est,
662 2899 737 2982 plus
754 2897 884 2981 proficit
908 2897 948 2958 ud
973 2876 1155 2973 misericor·

160 3006 245 3067 diam
270 3006 554 3084 commovendum,
595 3029 692 3090 quum
712 3006 879 3068 humilitas
906 3016 940 3069 et
962 3004 1152 3068 obsecratio.

159 3114 336 3203 Cqmmotis
369 3123 478 3183 autem
515 3114 651 3193 animis,
691 3115 815 3179 diutius
850 3114 883 3175 in
916 3114 1161 3197 conquestione.

160 3222 278 3284 murari
295 3244 359 3285 non
375 3222 549 3306 oportebit.
590 3223 871 3300 Quemadmodum
888 3223 974 3285 enim
989 3221 1071 3284 dixit
1085 3220 1155 3285 rbe-

159 3339 213 3394 tor
229 3329 443 3416 Apollonius,
465 3332 611 3394 Lucrini
628 3353 712 3394 nrum
734 3352 836 3395 errius
858 3351 999 3395 tusscie.

387 3573 391 3582 ‚
418 3524 536 3589 Quintil.
571 3525 657 3595 (lust.
673 3539 710 3576 or.
728 3523 745 3576 l.
762 3523 807 3600 Vl.
825 3541 848 3576 c.
868 3521 907 3591 t.)

221 3650 388 3714 Peroratio
422 3650 642 3732 sequebatur,
685 3670 781 3731 quum
816 3649 970 3709 cumulum
1002 3643 1154 3727 quidam,

164 3757 392 3818 conclusionem
412 3756 466 3815 alii
490 3768 618 3819 vocant.
661 3753 875 3838 Ejusdnplex
894 3754 977 3815 ratio
1002 3762 1069 3830 est,
1097 3771 1139 3833 po

164 3863 224 3930 situ
245 3863 353 3924 autin
374 3864 491 3942 rebus,
514 3864 623 3926 autin
645 3863 823 3925 affectibus.
