<?xml version="1.0" encoding="UTF-8"?>
<!DOCTYPE html PUBLIC "-//W3C//DTD XHTML 1.0 Transitional//EN"
    "http://www.w3.org/TR/xhtml1/DTD/xhtml1-transitional.dtd">
<html xmlns="http://www.w3.org/1999/xhtml" xml:lang="en" lang="en">
 <head>
  <title>
</title>
<meta http-equiv="Content-Type" content="text/html;charset=utf-8" />
  <meta name='ocr-system' content='tesseract 3.04.00' />
  <meta name='ocr-capabilities' content='ocr_page ocr_carea ocr_par ocr_line ocrx_word'/>
</head>
<body>
  <div class='ocr_page' id='page_1' title='image "./aestheticaliter00hillgoog_0441.png"; bbox 0 0 2610 4800; ppageno 0'>
   <div class='ocr_carea' id='block_1_1' title="bbox 609 368 695 519">
    <p class='ocr_par' dir='ltr' id='par_1_1' title="bbox 609 368 695 519">
     <span class='ocr_line' id='line_1_1' title="bbox 609 368 695 519; baseline 0.035 -3"><span class='ocrx_word' id='word_1_1' title='bbox 609 368 695 519; x_wconf 79' lang='grc' dir='ltr'><strong>ιιιΙ</strong></span> 
     </span>
    </p>
   </div>
   <div class='ocr_carea' id='block_1_2' title="bbox 105 628 1262 2891">
    <p class='ocr_par' dir='ltr' id='par_1_2' title="bbox 105 628 1262 2891">
     <span class='ocr_line' id='line_1_2' title="bbox 158 628 1159 724; baseline 0.003 -19"><span class='ocrx_word' id='word_1_2' title='bbox 158 634 265 705; x_wconf 62' lang='lat' dir='ltr'><strong>ruiti·</strong></span> <span class='ocrx_word' id='word_1_3' title='bbox 280 639 315 701; x_wconf 85' lang='lat' dir='ltr'><strong>in</strong></span> <span class='ocrx_word' id='word_1_4' title='bbox 332 638 507 703; x_wconf 77' lang='lat' dir='ltr'><strong>sententiis</strong></span> <span class='ocrx_word' id='word_1_5' title='bbox 527 638 631 723; x_wconf 85' lang='lat' dir='ltr'><strong>ipsis,</strong></span> <span class='ocrx_word' id='word_1_6' title='bbox 654 639 687 702; x_wconf 89' lang='lat' dir='ltr'><strong>in</strong></span> <span class='ocrx_word' id='word_1_7' title='bbox 709 628 829 724; x_wconf 78' lang='lat' dir='ltr'><strong>quibus</strong></span> <span class='ocrx_word' id='word_1_8' title='bbox 852 640 1033 703; x_wconf 83' lang='lat' dir='ltr'><strong>secundum</strong></span> <span class='ocrx_word' id='word_1_9' title='bbox 1052 630 1104 706; x_wconf 85' lang='lat' dir='ltr'><strong>res</strong></span> <span class='ocrx_word' id='word_1_10' title='bbox 1124 630 1159 708; x_wconf 81' lang='lat' dir='ltr'><strong>el</strong></span> 
     </span>
     <span class='ocr_line' id='line_1_3' title="bbox 156 747 1261 835; baseline 0.002 -24"><span class='ocrx_word' id='word_1_11' title='bbox 156 750 300 835; x_wconf 70' lang='lat' dir='ltr'><strong>uttocpm</strong></span> <span class='ocrx_word' id='word_1_12' title='bbox 317 747 492 811; x_wconf 74' lang='lat' dir='ltr'><strong>variantur</strong></span> <span class='ocrx_word' id='word_1_13' title='bbox 516 749 635 811; x_wconf 87' lang='lat' dir='ltr'><strong>omnis.</strong></span> <span class='ocrx_word' id='word_1_14' title='bbox 679 751 801 829; x_wconf 84' lang='lat' dir='ltr'><strong>Quarta</strong></span> <span class='ocrx_word' id='word_1_15' title='bbox 816 748 991 827; x_wconf 79' lang='lat' dir='ltr'><strong>in&#39;rerbis,</strong></span> <span class='ocrx_word' id='word_1_16' title='bbox 1015 764 1158 834; x_wconf 83' lang='lat' dir='ltr'><strong>qnortun</strong></span> <span class='ocrx_word' id='word_1_17' title='bbox 1256 794 1261 801; x_wconf 91' lang='lat'>-</span> 
     </span>
     <span class='ocr_line' id='line_1_4' title="bbox 155 844 1158 936; baseline 0 -15"><span class='ocrx_word' id='word_1_18' title='bbox 155 848 191 921; x_wconf 80' lang='lat' dir='ltr'><strong>s‘t</strong></span> <span class='ocrx_word' id='word_1_19' title='bbox 204 848 256 919; x_wconf 75' lang='lat' dir='ltr'><strong>es&#39;t</strong></span> <span class='ocrx_word' id='word_1_20' title='bbox 269 854 388 921; x_wconf 74' lang='lat' dir='ltr'><strong>vitioso</strong></span> <span class='ocrx_word' id='word_1_21' title='bbox 399 880 420 936; x_wconf 73' lang='grc' dir='ltr'>,ι</span> <span class='ocrx_word' id='word_1_22' title='bbox 432 855 459 918; x_wconf 86' lang='lat' dir='ltr'><strong>si</strong></span> <span class='ocrx_word' id='word_1_23' title='bbox 479 855 605 920; x_wconf 85' lang='lat' dir='ltr'><strong>efficere</strong></span> <span class='ocrx_word' id='word_1_24' title='bbox 621 856 731 919; x_wconf 89' lang='lat' dir='ltr'><strong>omnia</strong></span> <span class='ocrx_word' id='word_1_25' title='bbox 750 844 908 934; x_wconf 77' lang='lat' dir='ltr'><strong>velimus,</strong></span> <span class='ocrx_word' id='word_1_26' title='bbox 931 857 1087 936; x_wconf 80' lang='lat' dir='ltr'><strong>imitatio,</strong></span> <span class='ocrx_word' id='word_1_27' title='bbox 1110 858 1158 921; x_wconf 79' lang='lat' dir='ltr'><strong>ital</strong></span> 
     </span>
     <span class='ocr_line' id='line_1_5' title="bbox 156 964 1158 1052; baseline 0.002 -26"><span class='ocrx_word' id='word_1_28' title='bbox 156 964 361 1052; x_wconf 77' lang='lat' dir='ltr'><strong>quibusdam,</strong></span> <span class='ocrx_word' id='word_1_29' title='bbox 384 965 448 1026; x_wconf 90' lang='lat' dir='ltr'><strong>nisi</strong></span> <span class='ocrx_word' id='word_1_30' title='bbox 465 986 523 1027; x_wconf 85' lang='lat' dir='ltr'><strong>sna</strong></span> <span class='ocrx_word' id='word_1_31' title='bbox 542 976 656 1027; x_wconf 85' lang='lat' dir='ltr'><strong>natura</strong></span> <span class='ocrx_word' id='word_1_32' title='bbox 678 965 838 1042; x_wconf 80' lang='lat' dir='ltr'>redditur,</span> <span class='ocrx_word' id='word_1_33' title='bbox 861 965 911 1026; x_wconf 84' lang='lat' dir='ltr'><strong>vis</strong></span> <span class='ocrx_word' id='word_1_34' title='bbox 933 966 1039 1028; x_wconf 86' lang='lat' dir='ltr'><strong>omnis</strong></span> <span class='ocrx_word' id='word_1_35' title='bbox 1053 969 1158 1030; x_wconf 80' lang='lat' dir='ltr'><strong>aufer·</strong></span> 
     </span>
     <span class='ocr_line' id='line_1_6' title="bbox 155 1062 1158 1158; baseline -0.001 -21"><span class='ocrx_word' id='word_1_36' title='bbox 155 1068 286 1137; x_wconf 46' lang='grc' dir='ltr'><strong>Μ(-</strong></span> <span class='ocrx_word' id='word_1_37' title='bbox 314 1107 363 1134; x_wconf 86' lang='grc'><strong>-.</strong></span> <span class='ocrx_word' id='word_1_38' title='bbox 399 1074 509 1133; x_wconf 89' lang='lat' dir='ltr'><strong>Unum</strong></span> <span class='ocrx_word' id='word_1_39' title='bbox 536 1062 678 1155; x_wconf 52' lang='lat' dir='ltr'><strong>jam&#39;his</strong></span> <span class='ocrx_word' id='word_1_40' title='bbox 703 1072 925 1158; x_wconf 78' lang='lat' dir='ltr'><strong>adjiciendum</strong></span> <span class='ocrx_word' id='word_1_41' title='bbox 952 1064 1022 1151; x_wconf 79' lang='lat' dir='ltr'><strong>est,</strong></span> <span class='ocrx_word' id='word_1_42' title='bbox 1055 1096 1158 1157; x_wconf 87' lang='lat' dir='ltr'><strong>quum</strong></span> 
     </span>
     <span class='ocr_line' id='line_1_7' title="bbox 155 1168 1160 1267; baseline 0 -22"><span class='ocrx_word' id='word_1_43' title='bbox 155 1168 324 1267; x_wconf 72' lang='lat' dir='ltr'><strong>praecipue</strong></span> <span class='ocrx_word' id='word_1_44' title='bbox 347 1180 528 1243; x_wconf 85' lang='lat' dir='ltr'><strong>iunctione</strong></span> <span class='ocrx_word' id='word_1_45' title='bbox 545 1190 715 1263; x_wconf 79' lang='lat' dir='ltr'><strong>spectetur</strong></span> <span class='ocrx_word' id='word_1_46' title='bbox 736 1181 886 1244; x_wconf 86' lang='lat' dir='ltr'><strong>decorum</strong></span> <span class='ocrx_word' id='word_1_47' title='bbox 899 1228 912 1255; x_wconf 92' lang='lat'><strong>,</strong></span> <span class='ocrx_word' id='word_1_48' title='bbox 946 1202 1042 1265; x_wconf 84' lang='lat' dir='ltr'><strong>saepe</strong></span> <span class='ocrx_word' id='word_1_49' title='bbox 1067 1183 1160 1245; x_wconf 80' lang='lat' dir='ltr'><strong>uliud</strong></span> 
     </span>
     <span class='ocr_line' id='line_1_8' title="bbox 156 1286 1174 1372; baseline -0.002 -20"><span class='ocrx_word' id='word_1_50' title='bbox 156 1292 230 1353; x_wconf 76' lang='lat' dir='ltr'><strong>stim</strong></span> <span class='ocrx_word' id='word_1_51' title='bbox 250 1288 371 1351; x_wconf 73' lang='lat' dir='ltr'><strong>decere.</strong></span> <span class='ocrx_word' id='word_1_52' title='bbox 414 1288 475 1349; x_wconf 87' lang='lat' dir='ltr'><strong>Est</strong></span> <span class='ocrx_word' id='word_1_53' title='bbox 494 1287 581 1351; x_wconf 87' lang='lat' dir='ltr'><strong>enim</strong></span> <span class='ocrx_word' id='word_1_54' title='bbox 606 1289 712 1352; x_wconf 86' lang='lat' dir='ltr'><strong>latens</strong></span> <span class='ocrx_word' id='word_1_55' title='bbox 740 1288 901 1372; x_wconf 86' lang='lat' dir='ltr'><strong>quaedam</strong></span> <span class='ocrx_word' id='word_1_56' title='bbox 929 1290 962 1349; x_wconf 90' lang='lat' dir='ltr'><strong>in</strong></span> <span class='ocrx_word' id='word_1_57' title='bbox 987 1288 1050 1352; x_wconf 90' lang='lat' dir='ltr'><strong>hoc</strong></span> <span class='ocrx_word' id='word_1_58' title='bbox 1072 1286 1174 1352; x_wconf 87' lang='lat' dir='ltr'><strong>ratio‘</strong></span> 
     </span>
     <span class='ocr_line' id='line_1_9' title="bbox 158 1380 1157 1479; baseline -0.001 -20"><span class='ocrx_word' id='word_1_59' title='bbox 158 1395 450 1460; x_wconf 81' lang='lat' dir='ltr'><strong>etiuenmabilis:</strong></span> <span class='ocrx_word' id='word_1_60' title='bbox 484 1407 518 1459; x_wconf 95' lang='lat' dir='ltr'><strong>et</strong></span> <span class='ocrx_word' id='word_1_61' title='bbox 533 1405 571 1457; x_wconf 87' lang='lat' dir='ltr'><strong>ut</strong></span> <span class='ocrx_word' id='word_1_62' title='bbox 591 1418 667 1458; x_wconf 82' lang='lat' dir='ltr'><strong>vere</strong></span> <span class='ocrx_word' id='word_1_63' title='bbox 685 1396 748 1458; x_wconf 87' lang='lat' dir='ltr'><strong>hoc</strong></span> <span class='ocrx_word' id='word_1_64' title='bbox 769 1396 895 1458; x_wconf 86' lang='lat' dir='ltr'><strong>dictum</strong></span> <span class='ocrx_word' id='word_1_65' title='bbox 915 1408 965 1459; x_wconf 88' lang='lat' dir='ltr'><strong>est</strong></span> <span class='ocrx_word' id='word_1_66' title='bbox 981 1399 1025 1473; x_wconf 79' lang='lat'><strong>&#39;),</strong></span> <span class='ocrx_word' id='word_1_67' title='bbox 1057 1380 1157 1479; x_wconf 81' lang='lat' dir='ltr'><strong>caput</strong></span> 
     </span>
     <span class='ocr_line' id='line_1_10' title="bbox 159 1484 1230 1587; baseline -0.003 -18"><span class='ocrx_word' id='word_1_68' title='bbox 159 1484 346 1580; x_wconf 68' lang='lat' dir='ltr'><strong>murlis,</strong></span> <span class='ocrx_word' id='word_1_69' title='bbox 378 1503 514 1582; x_wconf 84' lang='lat' dir='ltr'><strong>decere,</strong></span> <span class='ocrx_word' id='word_1_70' title='bbox 547 1504 637 1587; x_wconf 91' lang='lat' dir='ltr'><strong>quod</strong></span> <span class='ocrx_word' id='word_1_71' title='bbox 659 1505 780 1576; x_wconf 79' lang='lat' dir='ltr'><strong>lacias3</strong></span> <span class='ocrx_word' id='word_1_72' title='bbox 816 1505 861 1564; x_wconf 87' lang='lat' dir='ltr'><strong>ita</strong></span> <span class='ocrx_word' id='word_1_73' title='bbox 886 1503 918 1564; x_wconf 87' lang='lat' dir='ltr'><strong>id</strong></span> <span class='ocrx_word' id='word_1_74' title='bbox 946 1524 1054 1587; x_wconf 85' lang='lat' dir='ltr'><strong>neque</strong></span> <span class='ocrx_word' id='word_1_75' title='bbox 1083 1504 1156 1566; x_wconf 87' lang='lat' dir='ltr'><strong>sine</strong></span> <span class='ocrx_word' id='word_1_76' title='bbox 1227 1512 1230 1517; x_wconf 75' lang='grc'><strong><em>’</em></strong></span> 
     </span>
     <span class='ocr_line' id='line_1_11' title="bbox 160 1606 1159 1695; baseline 0.001 -24"><span class='ocrx_word' id='word_1_77' title='bbox 160 1624 325 1690; x_wconf 72' lang='lat' dir='ltr'><strong>mecm,</strong></span> <span class='ocrx_word' id='word_1_78' title='bbox 356 1632 464 1695; x_wconf 82' lang='lat' dir='ltr'><strong>neque</strong></span> <span class='ocrx_word' id='word_1_79' title='bbox 484 1611 778 1674; x_wconf 82' lang='lat' dir='ltr'><strong>totumsrtetradi</strong></span> <span class='ocrx_word' id='word_1_80' title='bbox 796 1622 911 1695; x_wconf 72' lang='lat' dir='ltr'><strong>potest</strong></span> <span class='ocrx_word' id='word_1_81' title='bbox 957 1614 992 1672; x_wconf 92' lang='lat' dir='ltr'><strong>ln</strong></span> <span class='ocrx_word' id='word_1_82' title='bbox 1016 1606 1159 1694; x_wconf 83' lang='lat' dir='ltr'><strong>quibus·</strong></span> 
     </span>
     <span class='ocr_line' id='line_1_12' title="bbox 160 1707 1154 1804; baseline -0.004 -20"><span class='ocrx_word' id='word_1_83' title='bbox 160 1719 380 1784; x_wconf 69' lang='lat' dir='ltr'><strong>taurinates</strong></span> <span class='ocrx_word' id='word_1_84' title='bbox 402 1741 467 1781; x_wconf 91' lang='lat' dir='ltr'><strong>non</strong></span> <span class='ocrx_word' id='word_1_85' title='bbox 485 1720 605 1784; x_wconf 90' lang='lat' dir='ltr'><strong>habent</strong></span> <span class='ocrx_word' id='word_1_86' title='bbox 622 1720 776 1803; x_wconf 79' lang='lat' dir='ltr'><strong>gratiam,</strong></span> <span class='ocrx_word' id='word_1_87' title='bbox 800 1719 834 1782; x_wconf 89' lang='lat' dir='ltr'><strong>in</strong></span> <span class='ocrx_word' id='word_1_88' title='bbox 857 1720 1053 1804; x_wconf 87' lang='lat' dir='ltr'><strong>quibusdam</strong></span> <span class='ocrx_word' id='word_1_89' title='bbox 1074 1707 1154 1782; x_wconf 80' lang='lat' dir='ltr'><strong>vitirl</strong></span> 
     </span>
     <span class='ocr_line' id='line_1_13' title="bbox 105 1830 1154 1915; baseline 0.002 -23"><span class='ocrx_word' id='word_1_90' title='bbox 105 1832 110 1867; x_wconf 62' lang='lat'>³</span> <span class='ocrx_word' id='word_1_91' title='bbox 158 1830 214 1915; x_wconf 80' lang='lat' dir='ltr'><strong>ipss</strong></span> <span class='ocrx_word' id='word_1_92' title='bbox 242 1830 418 1892; x_wconf 80' lang='lat' dir='ltr'><strong>delectant.</strong></span> <span class='ocrx_word' id='word_1_93' title='bbox 438 1865 477 1877; x_wconf 90' lang='lat'>-</span> <span class='ocrx_word' id='word_1_94' title='bbox 497 1866 538 1878; x_wconf 90' lang='lat'>-</span> <span class='ocrx_word' id='word_1_95' title='bbox 581 1832 690 1908; x_wconf 85' lang='lat' dir='ltr'><strong>Quare</strong></span> <span class='ocrx_word' id='word_1_96' title='bbox 718 1830 807 1893; x_wconf 88' lang='lat' dir='ltr'><strong>norit</strong></span> <span class='ocrx_word' id='word_1_97' title='bbox 834 1851 867 1893; x_wconf 92' lang='lat' dir='ltr'><strong>se</strong></span> <span class='ocrx_word' id='word_1_98' title='bbox 897 1830 1058 1913; x_wconf 90' lang='lat' dir='ltr'><strong>quisque,</strong></span> <span class='ocrx_word' id='word_1_99' title='bbox 1091 1851 1154 1895; x_wconf 83' lang='lat' dir='ltr'><strong>asc</strong></span> 
     </span>
     <span class='ocr_line' id='line_1_14' title="bbox 158 1937 1241 2022; baseline -0.004 -21"><span class='ocrx_word' id='word_1_100' title='bbox 158 1948 276 2002; x_wconf 82' lang='lat' dir='ltr'><strong>tantum</strong></span> <span class='ocrx_word' id='word_1_101' title='bbox 291 1959 329 2001; x_wconf 84' lang='lat' dir='ltr'><strong>ex</strong></span> <span class='ocrx_word' id='word_1_102' title='bbox 352 1937 580 2019; x_wconf 86' lang='lat' dir='ltr'><strong>communibus</strong></span> <span class='ocrx_word' id='word_1_103' title='bbox 599 1938 804 2022; x_wconf 74' lang='lat' dir='ltr'><strong>praeceptis,</strong></span> <span class='ocrx_word' id='word_1_104' title='bbox 840 1937 896 2001; x_wconf 89' lang='lat' dir='ltr'><strong>sed</strong></span> <span class='ocrx_word' id='word_1_105' title='bbox 920 1939 1019 2011; x_wconf 82' lang='lat' dir='ltr'><strong>etiam</strong></span> <span class='ocrx_word' id='word_1_106' title='bbox 1037 1959 1075 2001; x_wconf 80' lang='lat' dir='ltr'><strong>ex</strong></span> <span class='ocrx_word' id='word_1_107' title='bbox 1096 1960 1155 2009; x_wconf 86' lang='lat' dir='ltr'><strong>na·</strong></span> <span class='ocrx_word' id='word_1_108' title='bbox 1238 1971 1241 1976; x_wconf 95' lang='lat'>·</span> 
     </span>
     <span class='ocr_line' id='line_1_15' title="bbox 156 2010 1154 2148; baseline -0.003 -38"><span class='ocrx_word' id='word_1_109' title='bbox 156 2059 219 2110; x_wconf 84' lang='lat' dir='ltr'><strong>tura</strong></span> <span class='ocrx_word' id='word_1_110' title='bbox 240 2068 298 2108; x_wconf 88' lang='lat' dir='ltr'><strong>sua</strong></span> <span class='ocrx_word' id='word_1_111' title='bbox 316 2047 425 2130; x_wconf 87' lang='lat' dir='ltr'><strong>capiat</strong></span> <span class='ocrx_word' id='word_1_112' title='bbox 439 2010 616 2107; x_wconf 85' lang='lat' dir='ltr'><strong>consilium</strong></span> <span class='ocrx_word' id='word_1_113' title='bbox 635 2046 823 2109; x_wconf 80' lang='lat' dir='ltr'><strong>formandae</strong></span> <span class='ocrx_word' id='word_1_114' title='bbox 845 2027 995 2139; x_wconf 82' lang='lat' dir='ltr'><strong>aelionis.</strong></span> <span class='ocrx_word' id='word_1_115' title='bbox 1039 2047 1154 2148; x_wconf 88' lang='lat' dir='ltr'><strong>Neque</strong></span> 
     </span>
     <span class='ocr_line' id='line_1_16' title="bbox 154 2130 1154 2247; baseline 0 -32"><span class='ocrx_word' id='word_1_116' title='bbox 154 2154 230 2217; x_wconf 91' lang='lat' dir='ltr'><strong>illud</strong></span> <span class='ocrx_word' id='word_1_117' title='bbox 249 2164 359 2215; x_wconf 88' lang='lat' dir='ltr'><strong>tamen</strong></span> <span class='ocrx_word' id='word_1_118' title='bbox 382 2163 432 2215; x_wconf 86' lang='lat' dir='ltr'><strong>est</strong></span> <span class='ocrx_word' id='word_1_119' title='bbox 449 2155 558 2230; x_wconf 82' lang='lat' dir='ltr'><strong>nelas,</strong></span> <span class='ocrx_word' id='word_1_120' title='bbox 582 2162 619 2213; x_wconf 85' lang='lat' dir='ltr'><strong>ut</strong></span> <span class='ocrx_word' id='word_1_121' title='bbox 636 2152 779 2247; x_wconf 85' lang='lat' dir='ltr'><strong>aliquem</strong></span> <span class='ocrx_word' id='word_1_122' title='bbox 798 2130 860 2235; x_wconf 71' lang='lat' dir='ltr'><strong>vel</strong></span> <span class='ocrx_word' id='word_1_123' title='bbox 870 2154 979 2217; x_wconf 87' lang='lat' dir='ltr'><strong>omnia</strong></span> <span class='ocrx_word' id='word_1_124' title='bbox 993 2153 1045 2217; x_wconf 84' lang='lat' dir='ltr'><strong>vel</strong></span> <span class='ocrx_word' id='word_1_125' title='bbox 1059 2154 1154 2237; x_wconf 78' lang='lat' dir='ltr'><strong>pluro</strong></span> 
     </span>
     <span class='ocr_line' id='line_1_17' title="bbox 118 2258 1156 2347; baseline -0.005 -20"><span class='ocrx_word' id='word_1_126' title='bbox 118 2261 324 2347; x_wconf 60' lang='lat' dir='ltr'><strong>*deceant</strong></span> <span class='ocrx_word' id='word_1_127' title='bbox 342 2258 445 2346; x_wconf 87' lang='lat' dir='ltr'><strong>Hujus</strong></span> <span class='ocrx_word' id='word_1_128' title='bbox 472 2284 606 2344; x_wconf 87' lang='lat' dir='ltr'><strong>qnoque</strong></span> <span class='ocrx_word' id='word_1_129' title='bbox 625 2261 692 2325; x_wconf 83' lang='lat' dir='ltr'><strong>loci</strong></span> <span class='ocrx_word' id='word_1_130' title='bbox 716 2261 862 2324; x_wconf 81' lang='lat' dir='ltr'><strong>clausula</strong></span> <span class='ocrx_word' id='word_1_131' title='bbox 889 2261 934 2323; x_wconf 91' lang='lat' dir='ltr'><strong>sit</strong></span> <span class='ocrx_word' id='word_1_132' title='bbox 950 2261 1072 2327; x_wconf 80' lang='lat' dir='ltr'><strong>eudem</strong></span> <span class='ocrx_word' id='word_1_133' title='bbox 1094 2282 1156 2323; x_wconf 78' lang='lat' dir='ltr'><strong>nc·-</strong></span> 
     </span>
     <span class='ocr_line' id='line_1_18' title="bbox 105 2366 1155 2454; baseline -0.004 -21"><span class='ocrx_word' id='word_1_134' title='bbox 105 2366 110 2453; x_wconf 40' lang='grc' dir='ltr'>ζ</span> <span class='ocrx_word' id='word_1_135' title='bbox 151 2392 238 2433; x_wconf 80' lang='lat' dir='ltr'><strong>essse</strong></span> <span class='ocrx_word' id='word_1_136' title='bbox 257 2379 329 2447; x_wconf 83' lang='lat' dir='ltr'><strong>est,</strong></span> <span class='ocrx_word' id='word_1_137' title='bbox 364 2392 448 2453; x_wconf 90' lang='lat' dir='ltr'><strong>quae</strong></span> <span class='ocrx_word' id='word_1_138' title='bbox 465 2381 652 2432; x_wconf 83' lang='lat' dir='ltr'><strong>ceterorum</strong></span> <span class='ocrx_word' id='word_1_139' title='bbox 672 2379 743 2449; x_wconf 87' lang='lat' dir='ltr'><strong>cst,</strong></span> <span class='ocrx_word' id='word_1_140' title='bbox 773 2382 910 2454; x_wconf 81' lang='lat' dir='ltr'><strong>regnare</strong></span> <span class='ocrx_word' id='word_1_141' title='bbox 928 2391 1068 2432; x_wconf 78' lang='lat' dir='ltr'><strong>maxime</strong></span> <span class='ocrx_word' id='word_1_142' title='bbox 1084 2390 1155 2430; x_wconf 91' lang='lat' dir='ltr'><strong>mo</strong></span> 
     </span>
     <span class='ocr_line' id='line_1_19' title="bbox 148 2474 1154 2558; baseline 0.001 -20"><span class='ocrx_word' id='word_1_143' title='bbox 148 2477 235 2541; x_wconf 84' lang='lat' dir='ltr'><strong>dnm.</strong></span> <span class='ocrx_word' id='word_1_144' title='bbox 279 2478 351 2538; x_wconf 86' lang='lat' dir='ltr'><strong>Non</strong></span> <span class='ocrx_word' id='word_1_145' title='bbox 374 2477 462 2538; x_wconf 88' lang='lat' dir='ltr'><strong>enim</strong></span> <span class='ocrx_word' id='word_1_146' title='bbox 480 2478 674 2541; x_wconf 86' lang='lat' dir='ltr'><strong>comoedum</strong></span> <span class='ocrx_word' id='word_1_147' title='bbox 692 2501 763 2542; x_wconf 86' lang='lat' dir='ltr'><strong>esse</strong></span> <span class='ocrx_word' id='word_1_148' title='bbox 774 2525 783 2558; x_wconf 95' lang='lat'><strong>,</strong></span> <span class='ocrx_word' id='word_1_149' title='bbox 816 2474 872 2541; x_wconf 74' lang='lat' dir='ltr'><strong>s&#39;ed</strong></span> <span class='ocrx_word' id='word_1_150' title='bbox 887 2493 1049 2541; x_wconf 87' lang='lat' dir='ltr'><strong>oratorem</strong></span> <span class='ocrx_word' id='word_1_151' title='bbox 1069 2477 1154 2539; x_wconf 81' lang='lat' dir='ltr'><strong>volo.</strong></span> 
     </span>
     <span class='ocr_line' id='line_1_20' title="bbox 116 2586 1154 2669; baseline -0.003 -20"><span class='ocrx_word' id='word_1_152' title='bbox 116 2640 119 2649; x_wconf 92' lang='lat'><em>.</em></span> <span class='ocrx_word' id='word_1_153' title='bbox 148 2589 257 2667; x_wconf 82' lang='lat' dir='ltr'><strong>Quare</strong></span> <span class='ocrx_word' id='word_1_154' title='bbox 288 2607 396 2668; x_wconf 85' lang='lat' dir='ltr'><strong>neque</strong></span> <span class='ocrx_word' id='word_1_155' title='bbox 424 2586 456 2646; x_wconf 89' lang='lat' dir='ltr'><strong>in</strong></span> <span class='ocrx_word' id='word_1_156' title='bbox 482 2598 575 2668; x_wconf 80' lang='lat' dir='ltr'><strong>gestu</strong></span> <span class='ocrx_word' id='word_1_157' title='bbox 602 2608 836 2669; x_wconf 78' lang='lat' dir='ltr'><strong>persequemur</strong></span> <span class='ocrx_word' id='word_1_158' title='bbox 859 2609 971 2649; x_wconf 85' lang='lat' dir='ltr'><strong>omnes</strong></span> <span class='ocrx_word' id='word_1_159' title='bbox 991 2586 1154 2668; x_wconf 81' lang='lat' dir='ltr'><strong>argutias,</strong></span> 
     </span>
     <span class='ocr_line' id='line_1_21' title="bbox 150 2694 1262 2777; baseline 0.001 -22"><span class='ocrx_word' id='word_1_160' title='bbox 150 2716 211 2758; x_wconf 88' lang='lat' dir='ltr'><strong>nec</strong></span> <span class='ocrx_word' id='word_1_161' title='bbox 233 2695 268 2755; x_wconf 92' lang='lat' dir='ltr'><strong>in</strong></span> <span class='ocrx_word' id='word_1_162' title='bbox 290 2694 459 2777; x_wconf 88' lang='lat' dir='ltr'><strong>loquendo</strong></span> <span class='ocrx_word' id='word_1_163' title='bbox 482 2695 772 2771; x_wconf 80' lang='lat' dir='ltr'><strong>distinctionibus,</strong></span> <span class='ocrx_word' id='word_1_164' title='bbox 804 2695 1024 2777; x_wconf 85' lang='lat' dir='ltr'><strong>temporibus,</strong></span> <span class='ocrx_word' id='word_1_165' title='bbox 1048 2694 1156 2756; x_wconf 87' lang='lat' dir='ltr'><strong>adfee·</strong></span> <span class='ocrx_word' id='word_1_166' title='bbox 1259 2717 1262 2735; x_wconf 80' lang='lat'><strong><em>¹</em></strong></span> 
     </span>
     <span class='ocr_line' id='line_1_22' title="bbox 148 2778 1153 2891; baseline -0.004 -27"><span class='ocrx_word' id='word_1_167' title='bbox 148 2802 295 2891; x_wconf 80' lang='lat' dir='ltr'><strong>tionibus</strong></span> <span class='ocrx_word' id='word_1_168' title='bbox 312 2792 447 2865; x_wconf 87' lang='lat' dir='ltr'><strong>moleste</strong></span> <span class='ocrx_word' id='word_1_169' title='bbox 466 2778 614 2875; x_wconf 59' lang='lat' dir='ltr'><strong>utemur,</strong></span> <span class='ocrx_word' id='word_1_170' title='bbox 640 2814 676 2864; x_wconf 90' lang='lat' dir='ltr'><strong>ut</strong></span> <span class='ocrx_word' id='word_1_171' title='bbox 692 2803 721 2864; x_wconf 91' lang='lat' dir='ltr'><strong>si</strong></span> <span class='ocrx_word' id='word_1_172' title='bbox 737 2803 781 2864; x_wconf 87' lang='lat' dir='ltr'><strong>sit</strong></span> <span class='ocrx_word' id='word_1_173' title='bbox 798 2803 830 2865; x_wconf 92' lang='lat' dir='ltr'><strong>in</strong></span> <span class='ocrx_word' id='word_1_174' title='bbox 846 2824 946 2865; x_wconf 84' lang='lat' dir='ltr'><strong>sceau</strong></span> <span class='ocrx_word' id='word_1_175' title='bbox 960 2801 1153 2864; x_wconf 87' lang='lat' dir='ltr'><strong>dicendum:</strong></span> 
     </span>
    </p>
   </div>
   <div class='ocr_carea' id='block_1_3' title="bbox 155 3022 1129 3199">
    <p class='ocr_par' dir='ltr' id='par_1_3' title="bbox 155 3022 1129 3199">
     <span class='ocr_line' id='line_1_23' title="bbox 155 3022 1129 3098; baseline -0.001 -21"><span class='ocrx_word' id='word_1_176' title='bbox 155 3084 158 3091; x_wconf 35' lang='grc' dir='ltr'>Ι</span> <span class='ocrx_word' id='word_1_177' title='bbox 215 3062 218 3067; x_wconf 93' lang='grc'>-</span> <span class='ocrx_word' id='word_1_178' title='bbox 266 3022 342 3094; x_wconf 86' lang='lat' dir='ltr'><strong>Quid</strong></span> <span class='ocrx_word' id='word_1_179' title='bbox 356 3025 584 3096; x_wconf 73' lang='lat' dir='ltr'><strong>igiturfcciam?</strong></span> <span class='ocrx_word' id='word_1_180' title='bbox 602 3044 753 3087; x_wconf 76' lang='lat' dir='ltr'><strong>noceam,</strong></span> <span class='ocrx_word' id='word_1_181' title='bbox 775 3045 810 3079; x_wconf 87' lang='lat' dir='ltr'><strong>ne</strong></span> <span class='ocrx_word' id='word_1_182' title='bbox 827 3044 902 3078; x_wconf 85' lang='lat' dir='ltr'><strong>nunc</strong></span> <span class='ocrx_word' id='word_1_183' title='bbox 917 3023 1044 3098; x_wconf 80' lang='lat' dir='ltr'><strong>quidem,</strong></span> <span class='ocrx_word' id='word_1_184' title='bbox 1126 3087 1129 3093; x_wconf 29' lang='grc' dir='ltr'>Ι</span> 
     </span>
     <span class='ocr_line' id='line_1_24' title="bbox 266 3129 1074 3199; baseline 0.001 -20"><span class='ocrx_word' id='word_1_185' title='bbox 266 3132 355 3195; x_wconf 84' lang='lat' dir='ltr'><strong>Quum</strong></span> <span class='ocrx_word' id='word_1_186' title='bbox 369 3146 497 3181; x_wconf 82' lang='lat' dir='ltr'><strong>arcessor</strong></span> <span class='ocrx_word' id='word_1_187' title='bbox 513 3129 610 3181; x_wconf 81' lang='lat' dir='ltr'><strong>ultro?</strong></span> <span class='ocrx_word' id='word_1_188' title='bbox 627 3147 666 3181; x_wconf 84' lang='lat' dir='ltr'><strong>un</strong></span> <span class='ocrx_word' id='word_1_189' title='bbox 681 3129 776 3199; x_wconf 71' lang='lat' dir='ltr'><strong>potius</strong></span> <span class='ocrx_word' id='word_1_190' title='bbox 790 3130 831 3180; x_wconf 78' lang='lat' dir='ltr'><strong>ita</strong></span> <span class='ocrx_word' id='word_1_191' title='bbox 846 3148 886 3181; x_wconf 86' lang='lat' dir='ltr'><strong>me</strong></span> <span class='ocrx_word' id='word_1_192' title='bbox 903 3147 1074 3199; x_wconf 84' lang='lat' dir='ltr'><strong>comparem,</strong></span> 
     </span>
    </p>
   </div>
   <div class='ocr_carea' id='block_1_4' title="bbox 263 3230 920 3302">
    <p class='ocr_par' dir='ltr' id='par_1_4' title="bbox 263 3230 920 3302">
     <span class='ocr_line' id='line_1_25' title="bbox 263 3230 920 3302; baseline -0.003 -18"><span class='ocrx_word' id='word_1_193' title='bbox 263 3230 328 3284; x_wconf 80' lang='lat' dir='ltr'><strong>Non</strong></span> <span class='ocrx_word' id='word_1_194' title='bbox 340 3232 450 3302; x_wconf 82' lang='lat' dir='ltr'><strong>perpeti</strong></span> <span class='ocrx_word' id='word_1_195' title='bbox 464 3234 640 3284; x_wconf 81' lang='lat' dir='ltr'><strong>meretricum</strong></span> <span class='ocrx_word' id='word_1_196' title='bbox 655 3233 860 3284; x_wconf 77' lang='lat' dir='ltr'><strong>contumelias?</strong></span> <span class='ocrx_word' id='word_1_197' title='bbox 878 3231 920 3293; x_wconf 64' lang='grc' dir='ltr'><strong>’Ἴ</strong></span> 
     </span>
    </p>
   </div>
   <div class='ocr_carea' id='block_1_5' title="bbox 150 3440 1154 3850">
    <p class='ocr_par' dir='ltr' id='par_1_5' title="bbox 150 3440 1154 3850">
     <span class='ocr_line' id='line_1_26' title="bbox 150 3440 1152 3520; baseline -0.004 -16"><span class='ocrx_word' id='word_1_198' title='bbox 150 3443 210 3506; x_wconf 83' lang='lat' dir='ltr'><strong>llic</strong></span> <span class='ocrx_word' id='word_1_199' title='bbox 240 3443 330 3505; x_wconf 87' lang='lat' dir='ltr'><strong>enim</strong></span> <span class='ocrx_word' id='word_1_200' title='bbox 358 3441 573 3504; x_wconf 87' lang='lat' dir='ltr'><strong>dubitationis</strong></span> <span class='ocrx_word' id='word_1_201' title='bbox 608 3464 735 3520; x_wconf 86' lang='lat' dir='ltr'><strong>moras,</strong></span> <span class='ocrx_word' id='word_1_202' title='bbox 773 3443 862 3505; x_wconf 80' lang='lat' dir='ltr'><strong>vocis</strong></span> <span class='ocrx_word' id='word_1_203' title='bbox 889 3441 1012 3518; x_wconf 85' lang='lat' dir='ltr'><strong>flexus,</strong></span> <span class='ocrx_word' id='word_1_204' title='bbox 1048 3440 1152 3502; x_wconf 78' lang='lat' dir='ltr'><strong>varias</strong></span> 
     </span>
     <span class='ocr_line' id='line_1_27' title="bbox 153 3548 1152 3629; baseline -0.004 -17"><span class='ocrx_word' id='word_1_205' title='bbox 153 3573 288 3629; x_wconf 85' lang='lat' dir='ltr'><strong>manus,</strong></span> <span class='ocrx_word' id='word_1_206' title='bbox 312 3551 459 3613; x_wconf 84' lang='lat' dir='ltr'><strong>diversos</strong></span> <span class='ocrx_word' id='word_1_207' title='bbox 480 3561 693 3619; x_wconf 79' lang='lat' dir='ltr'><strong>nutusactor</strong></span> <span class='ocrx_word' id='word_1_208' title='bbox 711 3553 886 3614; x_wconf 85' lang='lat' dir='ltr'><strong>adhibebit.</strong></span> <span class='ocrx_word' id='word_1_209' title='bbox 930 3549 1028 3612; x_wconf 88' lang='lat' dir='ltr'><strong>Aliud</strong></span> <span class='ocrx_word' id='word_1_210' title='bbox 1050 3548 1152 3610; x_wconf 86' lang='lat' dir='ltr'><strong>oratio</strong></span> 
     </span>
     <span class='ocr_line' id='line_1_28' title="bbox 153 3648 1153 3747; baseline -0.007 -22"><span class='ocrx_word' id='word_1_211' title='bbox 153 3664 258 3747; x_wconf 86' lang='lat' dir='ltr'><strong>sapit,</strong></span> <span class='ocrx_word' id='word_1_212' title='bbox 291 3684 353 3726; x_wconf 91' lang='lat' dir='ltr'><strong>nee</strong></span> <span class='ocrx_word' id='word_1_213' title='bbox 374 3661 446 3723; x_wconf 85' lang='lat' dir='ltr'><strong>vult</strong></span> <span class='ocrx_word' id='word_1_214' title='bbox 467 3648 699 3726; x_wconf 77' lang='lat' dir='ltr'><strong>niminmesse</strong></span> <span class='ocrx_word' id='word_1_215' title='bbox 720 3662 863 3724; x_wconf 82' lang='lat' dir='ltr'><strong>conditu.</strong></span> <span class='ocrx_word' id='word_1_216' title='bbox 906 3660 1048 3722; x_wconf 85' lang='lat' dir='ltr'><strong>Actione</strong></span> <span class='ocrx_word' id='word_1_217' title='bbox 1066 3657 1153 3719; x_wconf 89' lang='lat' dir='ltr'><strong>enim</strong></span> 
     </span>
     <span class='ocr_line' id='line_1_29' title="bbox 152 3752 1154 3850; baseline -0.008 -16"><span class='ocrx_word' id='word_1_218' title='bbox 152 3752 282 3837; x_wconf 82' lang='lat' dir='ltr'><strong>constat</strong></span> <span class='ocrx_word' id='word_1_219' title='bbox 307 3793 374 3832; x_wconf 93' lang='lat' dir='ltr'><strong>non</strong></span> <span class='ocrx_word' id='word_1_220' title='bbox 402 3770 597 3833; x_wconf 87' lang='lat' dir='ltr'><strong>imitatione.</strong></span> <span class='ocrx_word' id='word_1_221' title='bbox 640 3773 749 3850; x_wconf 84' lang='lat' dir='ltr'><strong>Quare</strong></span> <span class='ocrx_word' id='word_1_222' title='bbox 776 3791 840 3831; x_wconf 91' lang='lat' dir='ltr'><strong>non</strong></span> <span class='ocrx_word' id='word_1_223' title='bbox 861 3767 1022 3831; x_wconf 88' lang='lat' dir='ltr'><strong>immerito</strong></span> <span class='ocrx_word' id='word_1_224' title='bbox 1042 3787 1154 3847; x_wconf 89' lang='lat' dir='ltr'><strong>repre-</strong></span> 
     </span>
    </p>
   </div>
   <div class='ocr_carea' id='block_1_6' title="bbox 163 3929 511 3950">
    <p class='ocr_par' dir='ltr' id='par_1_6' title="bbox 163 3929 511 3950">
     <span class='ocr_line' id='line_1_30' title="bbox 163 3929 511 3950; baseline -0.009 -1"><span class='ocrx_word' id='word_1_225' title='bbox 163 3929 511 3950; x_wconf 51' lang='grc' dir='ltr'><strong><em>Μ</em></strong></span> 
     </span>
    </p>
   </div>
   <div class='ocr_carea' id='block_1_7' title="bbox 178 4010 701 4178">
    <p class='ocr_par' dir='ltr' id='par_1_7' title="bbox 178 4010 701 4178">
     <span class='ocr_line' id='line_1_31' title="bbox 201 4010 698 4080; baseline -0.006 -15"><span class='ocrx_word' id='word_1_226' title='bbox 201 4010 227 4080; x_wconf 73' lang='lat' dir='ltr'><strong>&#39;l</strong></span> <span class='ocrx_word' id='word_1_227' title='bbox 245 4013 268 4065; x_wconf 75' lang='lat' dir='ltr'><strong>l.</strong></span> <span class='ocrx_word' id='word_1_228' title='bbox 286 4012 422 4065; x_wconf 85' lang='lat' dir='ltr'><strong>Cicerone</strong></span> <span class='ocrx_word' id='word_1_229' title='bbox 437 4010 472 4063; x_wconf 86' lang='lat' dir='ltr'><strong>de</strong></span> <span class='ocrx_word' id='word_1_230' title='bbox 488 4010 564 4066; x_wconf 84' lang='lat' dir='ltr'><strong>Orat.</strong></span> <span class='ocrx_word' id='word_1_231' title='bbox 576 4011 598 4060; x_wconf 91' lang='lat'><strong>1.</strong></span> <span class='ocrx_word' id='word_1_232' title='bbox 617 4026 639 4061; x_wconf 91' lang='lat' dir='ltr'><strong>c.</strong></span> <span class='ocrx_word' id='word_1_233' title='bbox 655 4025 698 4077; x_wconf 79' lang='lat'><strong>29.</strong></span> 
     </span>
     <span class='ocr_line' id='line_1_32' title="bbox 178 4100 701 4178; baseline -0.011 -18"><span class='ocrx_word' id='word_1_234' title='bbox 178 4104 219 4178; x_wconf 77' lang='lat'><strong>&#39;*)</strong></span> <span class='ocrx_word' id='word_1_235' title='bbox 238 4107 349 4159; x_wconf 76' lang='lat' dir='ltr'><strong>Tereus.</strong></span> <span class='ocrx_word' id='word_1_236' title='bbox 363 4104 493 4158; x_wconf 74' lang='lat' dir='ltr'><strong>Euuucls.</strong></span> <span class='ocrx_word' id='word_1_237' title='bbox 509 4108 568 4157; x_wconf 81' lang='lat' dir='ltr'><strong>Act.</strong></span> <span class='ocrx_word' id='word_1_238' title='bbox 585 4109 605 4160; x_wconf 90' lang='lat'><strong>1.</strong></span> <span class='ocrx_word' id='word_1_239' title='bbox 619 4100 663 4158; x_wconf 75' lang='lat' dir='ltr'><strong>sc.</strong></span> <span class='ocrx_word' id='word_1_240' title='bbox 679 4120 701 4154; x_wconf 79' lang='grc' dir='ltr'><strong>ι.</strong></span> 
     </span>
    </p>
   </div>
   <div class='ocr_carea' id='block_1_8' title="bbox 0 0 1310 4800">
    <p class='ocr_par' dir='ltr' id='par_1_8' title="bbox 0 0 1310 4800">
     <span class='ocr_line' id='line_1_33' title="bbox 0 0 1310 4800; baseline 0 2"><span class='ocrx_word' id='word_1_241' title='bbox 0 0 1310 4800; x_wconf 95' lang='lat' dir='ltr'><strong> </strong></span> 
     </span>
    </p>
   </div>
  </div>
 </body>
</html>
