2610 4800
626 427 662 472 v!

148 599 195 672 ad
215 576 430 670 discentium
450 597 691 697 diligentiam,
726 607 789 670 aut
806 598 1012 680 docentium
1028 607 1148 673 atten-

145 724 283 795 tionem
298 720 524 794 excitandam
541 730 645 818 aptae
658 720 776 793 videri
792 720 951 818 possint,
976 721 1038 794 rix
1054 722 1149 796 desi

73 855 78 864 '
142 832 341 925 'deraveris
393 841 565 916 Ceterum
594 845 792 954 materiam
806 845 857 916 ita
887 844 1066 960 disposui,
1091 856 1150 928 ,ut

17 1000 19 1007 '
72 1033 80 1045 ,
148 968 238 1042 ordo
268 965 386 1064 operis
417 965 511 1038 libro
536 993 616 1039 meo
642 951 840 1040 vernaeulo
851 1019 865 1059 ,
906 993 1013 1067 quem
1044 996 1147 1044 anno

147 1079 390 1191 praeterlapso
421 1089 467 1161 de
494 1084 811 1163 eademedoetrina
839 1090 984 1190 vulgavi
1005 1090 1053 1191 *),
1091 1120 1148 1166 re·

148 1214 352 1313 sponderet.
386 1214 608 1313 'Utrumque
628 1214 926 1312 nimirumopus,
951 1217 1149 1313 praecipue

149 1336 353 1411 scholarum
386 1338 478 1432 usui
502 1337 737 1431 destinatum,
780 1339 819 1409 in
846 1339 1022 1410 tradenda
1054 1342 1155 1422 artis,

130 1461 330 1537 'literariae
355 1461 520 1534 doctrina
545 1460 595 1545 ita
619 1461 790 1561 conjungi
808 1462 994 1536 commode
1011 1474 1150 1561 potest,

97 1770 99 1780 .
210 1719 237 1796 ¹)
258 1720 433 1787 Lehrbuch
453 1723 512 1784 der
526 1721 676 1784 Literar·
688 1673 884 1799 Aesthetik,
904 1720 1152 1787 oder·Theorie

61 1834 63 1837 ’
150 1829 218 1892 und
231 1828 427 1890 Geschichte
441 1827 498 1888 der
515 1828 661 1890 schonau
676 1829 851 1904 Literatur,
874 1831 933 1891 mit
947 1828 1153 1893 besonderer

50 1962 52 1967 ·
148 1934 469 2018 Berdcksiohtigung
484 1934 542 1996 der
564 1931 768 2011 deutschen,
797 1957 869 1994 zum
893 1935 1153 2000 Selbststudinrn

150 2041 221 2124 und
243 2040 433 2122 Gebrauohe
451 2041 503 2104 bei
524 2043 716 2125 Vortragen.
761 2041 873 2102 aBde.
904 2043 1030 2120 Maian,
1059 2045 1151 2125 1827.

90 2170 100 2194 f
150 2130 284 2209 librum
308 2147 397 2209 huno
419 2146 538 2232 jamin
557 2147 706 2233 pluribus
732 2144 859 2210 scholis
872 2142 1093 2210 instituendae
1114 2152 1151 2212 in

150 2255 213 2316 hac
231 2255 404 2337 disciplina
421 2253 584 2338 juventuti
604 2254 835 2332 commendari,
860 2272 925 2316 non
945 2255 1152 2339 sine'magna

152 2361 279 2424 laetitia
295 2362 427 2445 aceepi;
450 2362 571 2445 qnippe
590 2362 647 2445 qui
669 2361 744 2424 inde
767 2363 968 2446 intelligam,
991 2361 1052 2424 neo
1074 2386 1154 2427 con-

132 2468 263 2530 silium
288 2490 415 2545 meum,
445 2469 534 2551 quod
560 2471 593 2529 in
622 2491 660 2532 eo
681 2455 877 2557 elaborando
904 2481 1037 2533 secutus
1057 2492 1151 2551 sum,

1 2568 3 2571 ’
81 2643 82 2648 ,
155 2576 289 2640 omnino
328 2576 523 2659 improbari,
563 2599 669 2658 neque
707 2599 775 2639 rem
810 2576 911 2658 ipsam
941 2574 1152 2660 ejusdemque

155 2683 343 2747 tractandae
364 2684 526 2747 rationem
549 2684 720 2761 omnibus,
751 2683 958 2766 quiquidem
985 2684 1025 2744 de
1051 2706 1153 2766 opere

154 2788 225 2874 ipso
244 2788 387 2872 judicare
408 2790 538 2851 ualeant
549 2835 558 2868 ,
593 2790 773 2873 displicere.
817 2794 891 2870 Quo
909 2790 1010 2872 magis
1030 2791 1151 2869 doleo,

155 2917 195 2960 ex
223 2884 424 2972 erratorum,
460 2918 543 2979 quae
567 2896 612 2958 ibi
646 2898 876 2974 offenduntur,
908 2897 1000 2979 eopia
1028 2897 1146 2980 plura,

138 2978 255 3088 ,eaque
274 3026 338 3064 non
359 3005 511 3082 minima,
534 3027 620 3068 ame
640 3007 778 3070 indicari
800 3002 870 3064 n'on.
883 3005 1048 3085 potuisse,
1072 3008 1152 3088 quia

154 3112 234 3172 mihi
264 3120 442 3197 postremas
480 3114 624 3198 plagulas
662 3115 696 3174 in
727 3104 925 3194 perficiendo
955 3113 1152 3176 mendorum

25 3271 32 3289 ,
123 3211 265 3280 ¹indice
293 3217 489 3301 inspiciendi
506 3231 649 3302 potestas
673 3221 759 3280 faeta
780 3206 920 3290 nones-t.
965 3223 1035 3298 Qua
1057 3221 1091 3280 in
1113 3243 1150 3283 re

155 3335 282 3406 gratum
300 3324 378 3385 mihi
394 3325 475 3386 fecit
489 3333 689 3408 anonymus,
711 3325 766 3408 qui
778 3328 818 3386 in
833 3313 984 3388 Saebodii
996 3327 1149 3391 Biblioth.

156 3431 262 3494 oritic.
280 3453 356 3492 ann.
376 3433 462 3495 1828.
479 3434 838 3514 mens.lllart.Nro.,19.
858 3434 945 3496 circa
962 3433 1024 3493 ista
1042 3447 1150 3496 errata

156 3538 338 3601 rectissime
359 3537 599 3621 conjecturavit'
619 3538 781 3622 simulque
801 3540 999 3602 amicissime
1011 3542 1149 3602 monuit.

113 3626 120 3633 ⁸
156 3644 353 3707 Praesertim
380 3644 582 3709 emendanda
606 3646 686 3709 haee
715 3657 801 3709 sunt.
853 3649 944 3708 Tom.
971 3649 995 3707 l.
1025 3671 1054 3730 p.
1083 3651 1149 3711 152.

157 3773 217 3836 pro
239 3751 382 3816 Philetas
401 3754 489 3817 eirea
509 3775 561 3814 an.
578 3753 649 3830 450.
670 3753 691 3815 l.
711 3757 797 3816 circo
815 3776 865 3816 an.
883 3755 954 3817 300.
996 3755 1087 3816 Tam.
1107 3757 1149 3818 Il.

158 3859 276 3944 p.716.
301 3881 360 3943 pro
386 3843 554 3924 Serenal.
582 3862 690 3922 Selino
721 3871 753 3945 et
788 3861 836 3923 in'
857 3861 926 3945 ipso
957 3860 1066 3924 indice
1088 3885 1149 3945 pro

159 3966 365 4032 Aleximenes
385 3967 406 4027 l.
425 3972 637 4034 Alexamenoa
655 3979 716 4032 etc.
760 4033 763 4039 ,
