2610 4800
572 448 657 527 2⁷3

132 628 269 711 munibus
286 646 392 730 locis,
422 659 456 713 et
472 649 507 711 iu
526 648 617 711 omui
637 644 908 731 amplificationes
939 644 997 708 sed
1012 644 1117 731 posci·

132 764 179 819 tur
200 768 272 821 tum
297 770 446 835 austera,
474 758 503 819 si
534 778 690 830 necuses;
724 756 910 831 inminse,
944 752 972 816 si
994 752 1116 815 leudes.

132 863 258 927 Multum
275 876 309 928 et
328 866 362 927 in
380 864 516 950 epilogis
535 864 647 948 pollet.
690 866 812 925 Totum
834 871 944 923 autem
966 860 1119 922 adhiben-

132 968 197 1033 rlnm
214 981 281 1049 est,
305 995 372 1057 quo
391 972 435 1033 sit
451 972 590 1055 amplius
609 969 857 1055 compositionis
877 990 992 1053 genus,
1016 990 1119 1050 quum

132 1074 217 1161 index
243 1101 310 1141 non
342 1079 450 1141 solum
477 1101 547 1141 rem
573 1089 683 1156 tonet,
717 1077 775 1140 sed
800 1077 896 1138 etiam
926 1088 1041 1158 euplus
1070 1086 1120 1138 cst

132 1174 286 1267 mitione,
309 1198 343 1273 et
358 1210 392 1249 se
414 1186 519 1249 credit
536 1186 641 1247 actori
659 1195 692 1248 et
710 1186 878 1269 voluptate
897 1183 960 1268 jum
976 1184 1119 1245 ducitur.

132 1296 263 1359 Historia
283 1318 350 1357 uon
364 1298 436 1357 lum
449 1295 560 1356 linitos
580 1316 733 1357 numeros
743 1341 754 1371 ,
777 1315 875 1376 (luam
891 1294 1002 1355 orbem
1019 1312 1121 1374 quen·

132 1402 197 1467 bn
225 1412 482 1487 contextumque
511 1402 683 1465 desideret„
732 1404 881 1484 Namque
912 1400 1020 1462 omniu
1051 1397 1120 1481 ejus

132 1512 265 1577 membru
285 1532 431 1573 connexa
458 1520 555 1585 sunt,
577 1511 732 1592 quonium
753 1510 878 1571 lubrica
898 1521 947 1571 est
969 1531 1006 1568 nc
1027 1507 1118 1579 lluit;

132 1618 335 1696 uthomines,
358 1618 416 1701 qui
434 1620 584 1681 munibus
603 1620 742 1681 invicem
759 1618 969 1702 adprehensis
986 1616 1121 1699 gradum

131 1714 272 1805 hant,
305 1726 478 1787 continent
502 1738 534 1788 et
554 1727 777 1789 continentur.
819 1725 1122 1787 Demonstratirum

131 1854 225 1919 geum
259 1856 356 1897 omne
386 1834 529 1896 fusiores
556 1834 653 1897 bubet
684 1835 923 1916 liberioresque
957 1852 1121 1893 numeros.

131 1940 283 2005 iudiciale
305 1953 339 2005 et
359 1941 573 2022 concionale,
607 1953 644 2005 ut
666 1943 800 2005 materia
823 1942 951 2002 varium
972 1950 1041 2017 est,
1073 1940 1122 2001 sie

133 2048 223 2113 etium
253 2050 325 2133 ipsu
356 2050 574 2113 collocutione
609 2053 795 2121 verborum.
847 2050 909 2111 Ubi
936 2045 1000 2132 jam
1028 2048 1123 2109 nobis

132 2176 200 2243 pm
226 2178 265 2221 ex
291 2156 416 2219 duabus
444 2163 544 2241 (quus
564 2159 660 2220 modo
681 2158 840 2235 fecimus)
872 2155 1017 2219 secunda
1035 2165 1121 2217 trac·

133 2264 222 2329 undu
247 2274 306 2329 est.
348 2267 429 2329 Num
460 2266 533 2347 quis
558 2265 686 2328 dubitat
709 2266 771 2327 aliu
798 2265 926 2341 lenius,
962 2264 1025 2323 eliu
1048 2284 1145 2326 con-¹

138 2372 282 2451 citellus,
304 2368 369 2434 aliis
390 2372 582 2453 sublimius,
605 2374 668 2433 uliu
689 2374 890 2457 pugnacius,
914 2372 975 2433 nlin
996 2371 1124 2455 gravius

136 2500 197 2547 esse
218 2481 380 2545 dicenda?
401 2476 582 2560 Greribus,
616 2482 834 2558 sublimibus,
866 2480 989 2542 ornatis
1011 2479 1124 2561 longas

136 2588 226 2673 ungis
256 2588 395 2673 syllabus
422 2590 618 2651 convenire?
651 2592 698 2651 ltu
717 2588 858 2650 utleniu
880 2588 1038 2670 spatium,
1069 2610 1126 2647 su-

135 2694 237 2759 blimis
267 2707 300 2759 et
324 2708 438 2759 ornatu
468 2697 651 2759 claritatem
675 2719 808 2779 quoque
827 2716 945 2757 vocum
968 2704 1122 2776 poscunt;

136 2798 180 2863 liis
198 2803 364 2865 contrariu
384 2803 484 2885 magis
513 2804 652 2887 gaudere
673 2803 827 2864 brevibus
846 2804 889 2879 *):
920 2812 1125 2883 argumenta,

138 2908 344 2993 partitiones,
373 2908 485 2995 jocos,
517 2920 549 2972 ct
579 2910 740 3005 quidquid
776 2922 826 2972 est
854 2909 995 2970 sermoni
1024 2908 1124 2989 nitigis

138 3016 245 3081 simile.
287 3020 404 3101 ltaque
421 3039 654 3101 componemus
672 3019 875 3103 prooemium
894 3019 982 3078 varie
993 3062 1003 3094 ‚
1027 3028 1125 3098 utque

137 3133 169 3184 ut
190 3128 306 3188 sensus
340 3125 410 3209 ejus
444 3126 632 3211 postulabit.
654 3162 696 3172 —
737 3127 818 3186 Num
847 3122 967 3207 judicis
997 3123 1124 3183 arsimus

139 3233 216 3297 rurie
249 3245 474 3320 proeparatur:
514 3245 584 3295 tum
619 3235 817 3296 miserabiles
851 3254 920 3294 esse
957 3233 1124 3309 volumus,

141 3347 199 3403 tun
221 3341 384 3418 modesti,
415 3352 486 3403 tum
511 3363 621 3418 neres,
650 3352 720 3403 tum
742 3364 874 3424 graves,
904 3352 974 3400 tum
992 3340 1125 3417 blandi,

144 3454 199 3511 luni
224 3450 379 3529 flectere,
411 3461 481 3514 tum
505 3450 545 3511 nd
570 3449 773 3532 diligentiam
796 3451 930 3511 hortari.
974 3452 1061 3511 Haec
1087 3459 1125 3509 ut

146 3552 197 3617 sint
216 3558 343 3620 diversa
367 3569 502 3636 natura,
536 3559 726 3619 dissimilem
752 3558 969 3640 componendi
991 3578 1124 3639 quoque

147 3664 288 3729 rationem
315 3666 510 3751 desiderant.
552 3675 606 3727 An
636 3666 796 3729 similibus
823 3668 938 3727 Cicero
969 3688 1046 3725 usus
1074 3676 1125 3726 cst

147 3776 271 3837 umeris
298 3773 334 3837 in
362 3774 496 3835 exordio
525 3796 583 3858 pro
606 3776 748 3850 Milone,
779 3796 838 3858 pro
863 3774 1034 3851 Cluentio,
1064 3796 1124 3858 pro

154 3916 474 3943 b—-q-——n

179 4025 201 4097 “)
213 4030 297 4083 Multi
320 4030 389 4099 lega
417 4034 528 4103 potius,
563 4051 646 4104 quiam
673 4031 716 4082 bis
746 4031 902 4083 conteraris.
944 4029 979 4083 Et
1008 4040 1123 4103 pergunt

211 4126 327 4181 deinde:
351 4129 445 4198 Magis
461 4126 608 4182 laudarem
626 4128 751 4183 brevibus
770 4139 933 4196 ‹zi-ginnonis
951 4140 1000 4178 etc.

884 4228 924 4284 18
