2610 4800
605 420 685 497 281

165 618 343 705 piorumque
363 618 505 703 prolatio
530 640 655 682 summa
679 640 754 681 cnm
775 615 995 681 delectatione
1016 626 1049 680 et
1070 638 1149 685 sue*

165 730 313 789 toritatem
342 727 484 789 orationi
515 728 607 789 affert
638 738 671 789 ct
699 727 805 788 fidem.
850 726 953 804 (laid.
977 748 1006 788 c.
1028 728 1093 807 od.)
1110 727 1147 807 Ἴ.

176 838 179 843 ’
211 834 290 913 Quis
304 856 369 896 non
383 834 454 919 jure
468 836 626 913 miretur,
660 857 698 896 ex
712 834 802 895 omni
817 834 1145 913 memoriaaetatum,

162 948 329 1027 temporum
346 952 379 1003 et
398 943 569 1006 civitatum
591 953 654 1004 tom
676 944 826 1026 exiguum
847 954 1013 1004 oratorum
1036 964 1149 1005 nurne-

162 1068 221 1111 tum
239 1049 408 1111 inveniri?
429 1087 470 1099 —
511 1050 673 1139 Nimirum
692 1050 795 1135 majus
818 1059 867 1112 est
892 1051 956 1112 hoc
978 1050 1147 1133 quiddam,

160 1176 243 1239 quam
258 1157 408 1220 homines
429 1159 626 1241 opinantur,
657 1169 690 1220 et
707 1158 856 1243 pluribus
878 1178 917 1219 ex
937 1158 1060 1219 artibus
1076 1168 1149 1219 stu-

157 1262 274 1347 diisque
303 1267 490 1330 collectum.
533 1269 600 1345 (De
629 1276 709 1328 orat.
733 1268 757 1327 1.
791 1289 819 1327 c.
843 1266 892 1346 4.)
918 1300 961 1313 -
979 1300 1022 1313 --
1063 1263 1147 1344 Quis

155 1371 231 1435 enim
246 1374 335 1433 aliod
351 1374 385 1434 in
404 1382 540 1436 maxima
556 1375 755 1436 discentium
770 1374 996 1451 multitudine,
1021 1394 1147 1437 summa

154 1482 373 1564 magistrorum
397 1484 510 1565 copiis,
542 1483 831 1566 praestantissimis
859 1482 1027 1544 hominum
1055 1482 1148 1565 inge·

151 1588 219 1663 uiis,
241 1590 368 1650 infinita
388 1613 558 1652 causarum
576 1592 744 1666 varietate,
767 1590 976 1673 amplissimis
991 1590 1149 1672 eloquen·
1226 1626 1231 1649 ι

149 1694 209 1759 lise
234 1698 408 1780 propositis
434 1696 599 1781 praemiis
616 1720 687 1759 esse
718 1720 835 1760 causae
862 1709 977 1781 putet,
1010 1697 1075 1757 nisi
1097 1696 1147 1759 rei

148 1802 307 1887 quondam
327 1804 556 1867 incredibilem
572 1806 831 1888 magnitudinem
850 1817 884 1868 et
900 1804 1148 1867 difficultatem?

146 1908 203 1971 Est
218 1910 307 1971 enim
326 1919 359 1971 et
381 1911 518 1975 scicntia
541 1906 846 1995 comprehendenda
869 1934 980 1974 rerum
996 1911 1148 1994 plurima·

144 2038 238 2093 rum,
259 2019 331 2081 sinc
348 2042 414 2101 qua
432 2022 605 2082 rcrlsorum
625 2022 814 2083 volubilitas
833 2022 940 2083 inanis
958 2034 1059 2103 atque
1076 2020 1148 2082 irri-

145 2122 249 2189 denda
271 2137 340 2199 est;
374 2136 406 2188 et
430 2126 500 2211 ipsa
524 2128 629 2190 oratio
659 2128 914 2205 conformanda,
948 2150 1015 2190 non
1039 2125 1148 2191 soluni

145 2232 326 2312 electione,
374 2234 432 2296 sed
466 2236 563 2297 etiam
594 2236 845 2299 constructione
875 2236 1072 2309 verborum
1113 2244 1148 2298 et

145 2344 255 2403 onlues
271 2342 454 2402 animorum
471 2355 600 2421 motus,
624 2366 708 2427 qnos
725 2344 893 2405 hominum
910 2344 1021 2428 generi
1035 2365 1148 2406 rerum

144 2457 259 2509 nutura
280 2450 419 2528 tribuit,
443 2438 575 2533 pinitus
593 2451 831 2534 pernoscendi:
855 2452 945 2535 qnod
966 2452 1073 2513 omnis
1095 2452 1146 2515 vis

143 2557 292 2640 rstioque
319 2558 450 2620 dicendi
479 2560 512 2620 in
537 2582 669 2637 corum,
704 2560 762 2642 qui
786 2561 945 2638 audiunt,
978 2562 1145 2623 mentibus

145 2674 199 2725 sot
219 2664 369 2726 sedandis
389 2675 446 2725 aut
463 2666 644 2728 excitandis
663 2666 879 2749 expromenda
897 2679 956 2731 est.
998 2668 1147 2730 Accedat

144 2771 255 2835 eodem
278 2782 407 2856 oportet
431 2773 523 2856 lepos
548 2774 684 2855 quidam
709 2775 914 2856 facetiaeque
936 2784 967 2836 et
988 2773 1144 2851 eruditio,

143 2876 245 2943 libero
261 2880 378 2963 digna,
411 2881 630 2963 celeritasque
652 2892 685 2943 et
705 2883 848 2944 laevitas
866 2892 899 2944 et
924 2882 1146 2964 respondendi

145 2996 177 3049 et
193 2987 400 3066 lacessendi,
423 2990 536 3050 subtili
557 2998 730 3052 venustate
748 2999 846 3072 atque
863 2990 1049 3053 urbanitate
1068 3012 1147 3051 con·

144 3088 266 3177 juncta.
294 3096 451 3159 Tenenda
468 3109 635 3179 praeterea
653 3107 702 3159 est
718 3099 824 3159 omnis
841 3099 1021 3181 antiquitas
1041 3120 1146 3162 exem·

144 3202 338 3286 piorumque
357 3206 429 3278 vis;
455 3228 561 3287 neque
580 3205 687 3287 legum
707 3217 763 3267 aaut
779 3192 862 3290 juris
881 3207 989 3268 civilis
1006 3208 1146 3269 scientia

146 3310 334 3395 negligendo
354 3322 414 3375 est.
456 3315 538 3375 Nam
560 3314 642 3396 quid
664 3335 722 3395 ego
745 3313 934 3377 deuotione
957 3315 1027 3399 ipsa
1051 3314 1146 3398 plura

145 3416 273 3483 dicem?
296 3442 380 3503 quae
398 3432 491 3484 motu
516 3422 675 3505 eorporis,
700 3433 908 3505 quaegesta,
933 3444 1017 3506 quac
1037 3421 1146 3498 vultu,

147 3548 228 3611 quse
247 3529 340 3592 vocis
358 3532 619 3592 conformatione
636 3553 674 3593 uc
690 3531 847 3593 varietate
863 3530 1058 3592 moderanda
1075 3531 1146 3593 est?

145 3658 227 3721 quse
250 3637 322 3700 solo
346 3660 405 3721 per
431 3660 464 3700 se
487 3639 556 3723 ipsa
579 3651 703 3721 quanta
729 3639 793 3717 sit,
832 3638 1030 3701 histrionum
1061 3638 1144 3701 loris

144 3764 192 3805 ars
219 3756 254 3809 et
279 3766 378 3807 scena
403 3744 568 3822 declarat3
605 3748 639 3807 in
662 3768 727 3831 qua
744 3768 822 3809 cum
840 3767 954 3811 omnes
971 3746 1006 3809 in
1024 3745 1092 3809 oris
1110 3756 1146 3811 et

185 3970 301 4045 ²)Gum
319 3974 363 4029 leis
377 3976 521 4029 Ciceronis
542 3976 624 4031 dictis
638 3976 750 4055 omuino
764 3932 948 4049 comparsit&
961 3986 1044 4047 suns,
1071 3996 1145 4055 quse
1184 4002 1188 4013 ·

225 4066 314 4127 aaa
329 4070 447 4140 Qatnu.
467 4070 487 4126 ι.
502 4072 566 4127 xri.
584 4088 608 4129 e.
628 4056 815 4149 t.prscelp1lo
834 4088 860 4131 e
876 4092 913 4145 ι,
930 4074 1029 4144 sue
