2610 4800
590 409 670 535 351

158 613 239 701 poetis
254 613 371 679 reterri
390 622 509 698 potest.
550 613 619 681 Neo
634 613 715 678 bueo
734 613 867 699 quidem
882 613 981 699 rotgo
996 613 1083 681 (lietu
1100 622 1134 681 et

156 734 263 807 recepta
282 721 493 807 persuasione
512 721 662 806 populari
683 722 755 785 sine
772 742 835 784 usu
855 723 989 785 fuerint
1030 725 1135 789 Testi-

157 830 244 893 nonin
264 842 345 896 sunt
364 829 452 894 enim
472 829 710 913 quodammodo
733 832 784 893 rel
806 831 990 913 potentiore
1016 830 1140 911 etium,'

157 937 225 1021 qnod
250 938 453 1015 nonenusis
475 938 741 1016 accommodata,
778 938 835 999 sed
863 937 973 1000 liberis
1002 939 1077 1000 odio
1102 946 1136 1002 et

156 1047 238 1127 grstia
252 1046 415 1108 mentibus
439 1044 510 1107 ideo
530 1056 658 1107 tentum
675 1045 764 1106 dictu
780 1048 933 1127 laeteque
944 1093 954 1124 ,
988 1047 1063 1128 qnia
1082 1056 1138 1110 sut

155 1150 386 1231 honestissima,
407 1163 464 1215 unt
487 1153 652 1215 verissima
672 1152 876 1214 videbuntur.
920 1156 970 1214 An
989 1177 1065 1215 vero
1086 1177 1137 1217 me

156 1258 409 1333 leineommodis
428 1261 513 1331 vitae
534 1261 737 1324 differentem
756 1283 822 1322 non
841 1259 1005 1345 adjuvabit
1026 1285 1139 1325 eorum

154 1370 303 1451 persnmio
325 1369 512 1446 nationum,
543 1391 629 1452 quse
649 1368 777 1431 fletibus
795 1378 908 1445 notos,
941 1369 1064 1432 laetitio
1081 1370 1140 1433 de-

154 1458 269 1543 linetos
289 1479 556 1562 prosequuntur?
576 1478 603 1555 ⁸)
646 1477 713 1539 Ant
730 1478 756 1537 si
774 1476 1032 1538 misericordiam
1049 1499 1141 1539 com·

152 1585 438 1671 nendubojndiei‚
468 1584 552 1647 nibil
573 1584 742 1669 proderit,
775 1584 863 1667 qnod
884 1585 1140 1667 prudentissima

152 1692 253 1758 tiritss
273 1694 544 1771 Atheniensium,
577 1714 642 1755 non
659 1716 727 1753 eam
744 1715 806 1775 pro
827 1693 973 1778 adfectu,
1004 1694 1062 1755 sed
1076 1714 1139 1779 pro

149 1803 472 1887 tnmineaccepit'v.
513 1804 583 1864 lum
601 1800 655 1861 illa
675 1811 797 1884 septem
816 1813 990 1884 praecepta
1011 1801 1141 1884 snpien-
1235 1840 1261 1863 ·.

133 1914 226 1991 lum,
257 1933 370 1973 nonne
389 1910 547 1993 quasdam
568 1909 653 1974 ritae
672 1910 758 1993 leges
781 1910 1024 1973 existimemus?
1040 1946 1080 1959 —
1097 1942 1141 1963 -ι

143 2013 204 2081 itm
224 2018 396 2082 sententiis
415 2018 550 2101 quidem
573 2029 743 2102 poetarum
770 2040 835 2078 non
857 2017 1021 2080 orationes
1042 2018 1141 2081 modu

142 2138 214 2191 tunt
230 2127 389 2208 refertae,
421 2126 478 2188 sed
506 2126 582 2187 libri
607 2126 704 2188 etiarn
730 2125 1024 2210 pbilosophorum
1060 2127 1140 2209 qui,

139 2249 336 2319 quemquem
362 2233 517 2296 inferiore
543 2233 653 2295 omnin
678 2232 862 2317 praeceptis
883 2232 951 2295 suis
973 2254 1012 2295 eo
1034 2233 1140 2296 literis

139 2342 297 2427 eredunt,
319 2353 466 2426 repetere
483 2353 594 2406 tamen
615 2341 845 2403 anctoritatem
865 2363 881 2400 n
899 2341 1050 2424 plurimis
1072 2364 1143 2405 vera

136 2448 224 2513 tibus
240 2471 306 2511 nnn
322 2449 543 2513 fastidierunt.
585 2450 700 2532 Neque
716 2458 767 2511 est
784 2448 928 2532 ignobile
944 2451 1141 2534 exemplum,

136 2552 301 2643 hlegnreos
321 2559 361 2620 nb
381 2558 660 2633 Atheniensibus,
692 2580 794 2640 quum
815 2556 855 2619 de
878 2558 1041 2621 Salamine
1066 2580 1143 2620 con·

137 2664 332 2744 tenderent,
356 2665 461 2727 victos
484 2665 615 2728 Homeri
635 2686 751 2742 versu,
776 2665 832 2747 qui
854 2676 962 2726 tamen
985 2665 1055 2749 ipse
1075 2687 1142 2728 non

139 2768 171 2835 in
189 2774 280 2835 omni
299 2773 444 2836 editione
463 2772 641 2856 reperitur,
665 2771 872 2855 iignificans‚
894 2770 1026 2856 Ajacem
1044 2795 1142 2836 naves

692 2880 753 2957 tu)

142 2876 212 2944 sues
229 2880 487 2944 Atheniensibus
507 2881 651 2967 junxisse
672 2881 687 2909 *
755 2925 763 2939 .
804 2881 851 2941 En
873 2903 1030 2964 quoque,
1056 2903 1140 2964 quae

143 2990 236 3075 vulgo
257 2999 387 3074 recepta
408 3002 506 3067 sunt,
520 2991 600 3058 'boc
617 2990 709 3072 ipso,
744 2989 834 3071 quod
849 2989 1011 3051 incertum
1028 3001 1144 3051 aucto-

145 3116 207 3158 rem
237 3097 378 3176 hnbent‚
413 3098 503 3160 velut
527 3099 674 3161 omnium
702 3098 806 3174 fiunt,
841 3098 937 3180 qunle
969 3106 1035 3159 est:
1082 3097 1144 3160 Ubi

147 3207 253 3285 imici,
289 3207 335 3269 ibi
364 3229 438 3293 opes
469 3207 568 3286 ω’),
614 3217 666 3270 et:
711 3206 914 3268 Conscientia
933 3205 1018 3267 mille
1044 3219 1143 3268 testes.

175 3419 210 3492 ᾗ)
221 3421 291 3501 ΙΊΙίἀ.
307 3419 409 3474 Herod.
426 3421 445 3474 l.
461 3422 494 3475 V.
512 3435 535 3474 s.
553 3417 576 3487 l·
608 3428 637 3474 et
659 3420 730 3474 Sext
747 3420 907 3491 Empiriezu
928 3418 1023 3487 Pyrrh.
1039 3419 1142 3489 Hypot.

226 3516 278 3567 Ill.
301 3517 360 3570 232.
1011 3582 1014 3587 Ι

175 3603 209 3679 “)
228 3610 339 3663 Sacrata
355 3610 396 3662 illi
412 3628 473 3674 nra,
504 3609 588 3666 ilion
602 3610 699 3682 βωμὸς
713 3618 830 3673 vocatu,
858 3609 887 3662 in
904 3610 961 3661 soro
977 3607 1146 3662 Athenarum

176 3707 179 3715 '
228 3704 289 3757 suit.
335 3704 375 3758 Cf.
400 3706 498 3758 Seatus
521 3707 680 3776 Empiricus
701 3716 796 3760 contin
817 3705 916 3759 Matth.
940 3704 995 3769 lx,
1026 3709 1081 3774 ¹87.
1118 3711 1147 3758 et

227 3798 355 3871 Apollod.
370 3800 439 3852 Bibl.
455 3802 491 3853 11.
511 3808 544 3864 8,
569 3819 589 3854 ι.

168 3888 213 3964 m)
230 3897 263 3949 ll.
277 3898 313 3949 11.
331 3899 389 3955 558.
417 3897 459 3951 cf.
470 3895 635 3949 Plutarchus
649 3903 678 3949 et
692 3896 832 3966 Diogenes
847 3896 976 3948 laertius
987 3895 1015 3948 in
1033 3894 1145 3958 Solone,

229 4002 314 4064 utque
339 3992 469 4045 Clarkius
497 3993 533 4044 sd
563 3992 638 4046 hunc
662 3991 752 4064 ipsum
776 4008 890 4045 versum.
934 3994 1005 4045 Item
1029 3992 1144 4047 Ariston

232 4088 309 4142 nhes
328 4091 349 4140 l.
368 4105 391 4140 e.
411 4096 450 4146 ¹5.
465 4089 487 4154 §.
504 4090 543 4140 13.

160 4172 214 4248 ms)
235 4185 336 4240 bocum
354 4185 442 4255 ipsum
460 4181 545 4237 babes
560 4201 603 4255 sp.
619 4182 710 4245 Plane,
723 4180 837 4236 'l'runul
855 4180 890 4251 4,
909 4178 943 4252 4,
963 4181 1006 4235 32.
