2610 4800
594 426 676 506 tn

146 626 263 731 labris,
301 624 506 712 ¹loquendum
536 637 596 693 est.
649 627 819 709 ceruicem
856 638 981 693 rectum
1014 641 1145 715 oportet

146 756 231 815 essa,
254 753 323 797 non
342 734 479 818 rigidam
498 746 555 798 aut
571 733 733 819 supinam.
776 735 904 799 Collum
922 736 1050 800 diversa
1068 737 1145 821 qui-
1253 755 1258 773 ¹

147 842 231 921 dem,
254 842 315 905 sed
329 843 400 927 peri
417 842 626 905 deformitate
645 852 678 906 et
695 844 905 908 contrabitur
923 855 958 908 et
976 847 1143 909 tenditura

147 950 199 1015 ssd
219 960 317 1013 tenso
334 952 447 1013 subest
468 962 502 1013 et
521 949 633 1027 labor,
656 960 880 1035 tenuaturque
898 972 961 1013 vox
978 973 1016 1015 nc
1029 954 1145 1036 fatiga·
1245 953 1249 962 '

147 1064 205 1121 tir.
246 1058 387 1121 Affixum
407 1058 532 1142 pectori
550 1068 697 1120 mentum
717 1059 826 1125 minus
843 1059 977 1138 cleram,
999 1071 1032 1142 et
1051 1060 1145 1144 quasi

145 1166 292 1230 letiorem
316 1187 428 1251 presso
457 1177 590 1250 gutture
618 1167 709 1230 fucit.
752 1169 969 1231 Humerorum
992 1190 1065 1230 raro
1089 1169 1147 1233 de·

136 1296 219 1349 ,cene
245 1274 398 1337 alienatio
425 1282 524 1358 atque
553 1275 738 1337 contractio
768 1285 827 1337 est.
869 1276 1040 1339 breviatur
1058 1278 1146 1340 enim

103 1411 104 1421 ¹
148 1384 277 1456 cervix,
309 1394 344 1445 et
356 1384 665 1477 gestusu'quendam
684 1382 840 1445 humilem
858 1394 958 1467 atque
980 1386 1146 1463 servilem,

148 1492 294 1576 etquasi
325 1480 571 1553 iraudulentum
598 1492 699 1567 fucit,
736 1513 839 1575 quum
874 1512 910 1554 se
936 1491 969 1553 iu
1000 1492 1148 1553 habitum

148 1597 363 1676 tdulutionis,
405 1598 650 1674 admirationis,
693 1611 800 1662 matus
829 1599 966 1682 tingunt.
1017 1598 1148 1660 Brachii

149 1706 309 1769 noderata
326 1704 487 1792 projectio
501 1708 646 1770 remissis
664 1708 828 1784 humeris,
862 1720 961 1791 atque
980 1708 1148 1792 explican-

149 1814 231 1877 tibus
261 1834 299 1877 se
331 1814 366 1877 iu
392 1815 586 1899 proferenda
615 1838 714 1876 manu
746 1816 876 1900 digitis,
911 1816 1088 1878 continuos
1114 1824 1149 1877 et

148 1920 357 2001 decurrentes
375 1921 466 2007 locos
482 1923 510 2001 ”)
532 1923 670 1986 maxime
688 1924 793 1987 decet.
836 1924 879 1986 Aa
897 1945 1001 2007 quum
1019 1920 1149 2006 specio·
1240 1906 1247 1917 “

149 2030 211 2095 tius
232 2030 316 2117 quid
337 2030 730 2115 uberiusquediceudum
756 2043 826 2112 est,
860 2042 898 2094 ut
919 2032 1024 2109 ittud,
1058 2033 1151 2095 Saxa

149 2156 236 2231 atque
250 2141 440 2205 solitudines
456 2144 534 2205 uoci
551 2143 755 2227 respondent,
777 2142 977 2226 exspatiatur
995 2140 1028 2202 in
1048 2139 1148 2218 latus,

149 2260 180 2315 st
205 2250 281 2334 ipsa
312 2232 616 2334 quodammodo⁴se
652 2272 728 2314 cum
762 2261 857 2337 gestu
889 2246 1000 2312 'fundit
1033 2246 1152 2318 orati01

148 2358 266 2427 Uenus
284 2378 383 2437 vero,
412 2359 485 2422 sine
509 2356 629 2443 quibua
649 2369 768 2421 trunca
789 2354 878 2422 esset
897 2358 984 2420 actio
1003 2378 1041 2420 ac
1059 2355 1151 2418 debi-

148 2464 199 2543 tia,
223 2466 280 2527 rix
294 2466 362 2529 dici
381 2476 502 2551 potest,
525 2476 609 2552 quot
626 2478 734 2529 motus
753 2468 907 2545 babeant,
930 2488 1033 2550 quum
1047 2482 1152 2548 paene

149 2559 252 2663 ipsam
281 2576 457 2639 verborum
477 2576 605 2660 copiam
631 2587 882 2659 persequantur.
923 2576 1003 2635 Nam
1023 2581 1152 2635 ceterae

148 2694 258 2769 portes
277 2682 469 2767 loquentem
489 2683 664 2768 adjurant,
685 2683 765 2762 hae,
787 2704 889 2767 prope
908 2691 1011 2744 estut
1031 2681 1151 2761 dicam,

149 2790 238 2877 ipsae
263 2791 459 2874 loquuntur.
501 2793 558 2855 His
581 2791 769 2876 poscimus,
801 2790 1022 2874 polticemur,
1053 2808 1153 2850 roca-

150 2920 243 2980 uuu,
267 2899 487 2978 dimittimus,
511 2900 692 2978 minamur,
716 2900 959 2982 supplicamus,
983 2895 1153 2958 abomina-

150 3028 242 3086 taur⁹
273 3007 447 3083 timemus3
481 3007 656 3091 gaudium,
685 3008 871 3083 tristitiam,
899 3004 1152 3083 dubitationem,

112 3106 116 3113 ¹
150 3115 412 3194 confessionem,
435 3116 684 3198 poenitentiam,
707 3114 852 3192 modum,
876 3115 1015 3197 copiam,
1038 3133 1154 3174 nume

152 3244 241 3301 mm,
268 3232 399 3306 tempus
421 3223 635 3286 ostendimus.
674 3224 745 3285 Non
769 3222 962 3284 concitant?
984 3220 1153 3283 inhibent?

155 3332 361 3416 supplicanti
401 3333 561 3413 probant?
602 3331 827 3393 admiruntur?
863 3327 1153 3393 verecundantur?
1194 3378 1198 3383 .

156 3437 220 3501 iiou
249 3437 284 3500 iu
309 3437 572 3501 demonstrandis
591 3439 674 3501 locis
694 3461 731 3501 uc
757 3438 906 3522 personis
925 3437 1154 3499 adverbiorum

157 3553 251 3629 atqua
271 3547 502 3628 pronominum
524 3546 676 3610 obtinent
695 3548 824 3609 ricem?
866 3547 962 3608 Utin
987 3555 1076 3606 tanta
1094 3563 1155 3627 per

159 3671 264 3716 omues
282 3665 396 3737 gentes
415 3655 634 3737 nationesque
650 3654 780 3737 linguae
796 3654 985 3716 diversitate
1002 3652 1058 3714 hic
1072 3649 1154 3713 mihi

160 3760 489 3824 omniumbominum
511 3761 695 3826 communis
711 3783 817 3826 sermo
834 3761 993 3825 videatur.

193 3991 219 4065 ⁸)
242 3994 431 4049 Decumum
445 3995 539 4060 locos,
561 3994 579 4051 i.
594 4013 617 4051 e.
638 3997 668 4056 iu
682 4012 773 4067 aequo
793 3994 873 4069 quasi
886 4010 984 4067 campo
998 3994 1057 4049 sinc
1069 3993 1155 4066 imps-

240 4088 370 4147 dincutis
384 4091 598 4165 progredientes.
634 4091 676 4148 ct
690 4091 789 4147 Noster
802 4091 823 4149 l.
839 4092 900 4147 xlt
918 4108 982 4164 up
1001 4092 1023 4160 ς.
1042 4108 1068 4146 2.
