2610 4800
607 398 692 475 too

146 597 319 687 ¹eorporis,
349 614 389 660 ne
406 597 448 661 ad
464 597 645 681 spadonum
664 620 703 661 ao
725 596 902 659 mulierum
923 608 957 662 et
978 614 1150 681 aegroru-

151 707 331 775 exilitatem
354 728 417 789 vox
437 715 559 798 nostra
587 714 742 767 tenuetur
752 731 760 779 ;
795 705 882 788 quod
903 706 1084 769 ambulatio
1098 709 1150 789 ¹);

151 815 286 892 unctio,
309 814 445 889 veneris
455 813 672 891 abstinentia,
687 814 801 879 ‚facilis
814 815 968 875 :ciborum
990 814 1150 909 digestio,

151 921 186 985 id
210 934 259 984 est
282 921 470 1004 frugalitas,
486 931 655 1013 *praestate
696 922 869 983 Praeterea
889 932 929 984 ut
949 922 1019 997 siut¹
1036 925 1150 1029 fnueq

152 1031 317 1112 integrae,
348 1030 382 1093 id
410 1040 459 1091 est
485 1029 599 1091 molles
623 1051 662 1091 ue
690 1029 802 1107 leves,
841 1052 982 1112 quorum
1012 1032 1150 1119 vitioff

150 1139 314 1222 frangitur
347 1138 601 1199 et-ohseuratur
634 1149 667 1199 et
700 1142 910 1221 exasperatur
929 1150 964 1200 et
989 1126 1150 1251 8(ὶὶηάἢῖμ

150 1267 222 1317 uox.
269 1248 354 1308 Num
378 1256 415 1307 ut
445 1244 544 1307 tibiae
570 1245 682 1306 eodem
715 1245 834 1328 spiritu
860 1255 1019 1329 accepto,
1051 1249 1140 1339 aliq

151 1354 292 1430 clausis,
323 1353 432 1413 alium.
453 1353 572 1434 apertis
597 1352 833 1431 foraminibus,
867 1353 970 1416 alium
987 1376 1053 1416 uon
1070 1356 1141 1445 nt*

149 1470 323 1547 purgatae,
355 1461 455 1520 aliurn
472 1470 607 1542 quassae
632 1480 752 1522 sonum·
773 1461 938 1523 reddunt:
973 1463 1018 1525 ita
1037 1446 1150 1559 fane*

150 1580 315 1633 tumentes
359 1568 565 1651 strangulant
600 1590 753 1645 vocem,
781 1570 916 1633 obtusae
950 1562 1150 1669 ohs'ourertt

150 1686 242 1743 nissae
276 1677 859 1759 exasperant-,·,convulsaetractis
890 1682 979 1743 snut
1017 1680 1150 1769 orgau'ss

152 1786 284 1849 similes.
306 1785 481 1847 ..Finditur
493 1785 591 1847 etiam
606 1785 739 1868 spiritus
758 1784 889 1870 objectu
907 1787 1036 1869 aliquo,
1058 1786 1150 1873 siene

151 1893 265 1979 lapillo
293 1905 410 1957 tenues
448 1915 568 1975 aquae,
607 1914 746 1975 quarum
776 1892 884 1955 fluxus
907 1896 1034 1957 etiarnsi
1060 1894 1144 1959 utut·-

150 2002 298 2086 paullum
328 2003 419 2078 coit,¹
447 2001 568 2083 aliquid
593 2012 701 2063 tamen
728 2001 801 2063 enni
821 2001 991 2085 .relinquit
1017 2015 1085 2086 post
1105 2000 1150 2065 it·-

152 2110 277 2193 ipsum,
311 2108 615 2193 quodoffenderat.
672 2111 796 2171 Humor
821 2130 951 2193 cinoque
976 2133 1086 2174 vocem
1103 2116 1150 2187 ut,

152 2216 272 2283 nimius
304 2216 459 2299 impedit,
498 2218 763 2278 ita-consumtus
786 2216 954 2303 destituit.
1005 2219 1083 2279 Nam
1106 2189 1150 2292 df

151 2326 299 2409 fatigatio
319 2334 466 2407 corpora,
480 2347 544 2385 non
566 2325 606 2385 ad
627 2347 782 2408 praesens
798 2326 895 2389 modo
913 2338 1062 2410 tempus,
1086 2322 1128 2389 td

152 2435 252 2497 etiam
268 2435 301 2494 in
326 2435 472 2493 futurum
489 2431 611 2493 adficit.
624 2470 663 2480 -
694 2436 818 2496 Vocem
841 2434 970 2497 deliciis
987 2430 1131 2496 nonnuli

151 2542 287 2619 linruus,
319 2560 380 2603 neo
401 2540 567 2603 imbuatur
589 2562 626 2601 ea
650 2541 912 2621 consuetudine,
943 2542 1134 2627 quaedum

151 2661 225 2714 tura
251 2672 317 2712 non
345 2650 404 2710 sit:
448 2648 505 2710 sed
532 2647 815 2733 exercitatio.ejus
842 2648 919 2712 talis
942 2651 1008 2728 sit,
1046 2650 1143 2734 qurl'u

151 2762 252 2820 usus:
279 2780 346 2820 uec
374 2757 507 2818 silentio
532 2756 699 2834 subsidet,
732 2758 788 2819 sed
802 2758 954 2822 firmetur
973 2768 1150 2821 cousuetu-

151 2866 247 2944 dine,
277 2888 338 2948 qua
355 2864 527 2927 difficultas
546 2866 650 2927 omnis
673 2865 829 2927 levatur..
852 2866 1008 2930 Edissere
1030 2878 1148 2943 autem,

152 2994 218 3056 quo
244 2972 442 3049 exercearis,
477 2971 543 3034 erit
563 2972 742 3055 optimum,
765 2956 812 3025 -Ᾰ-
835 2983 868 3055 et
888 2976 1035 3037 ediscere
1052 2994 1143 3057 quam

150 3083 288 3143 maxime
306 3081 411 3158 varia,
441 3103 523 3164 quae
544 3091 576 3143 et
595 3081 854 3166 elamorem,fet
875 3082 1140 3165 disputationem,

89 3230 91 3235 ·
151 3201 185 3253 et
204 3211 405 3268 sermonem,
435 3187 590 3251 etflex'ns
613 3188 770 3267 habeant,
793 3201 843 3253 ut
861 3190 960 3251 simul
987 3191 1020 3251 in
1041 3188 1134 3251 omnis

148 3319 310 3381 paremur.
329 3334 370 3351 -ι
391 3320 452 3357 -·.
473 3295 560 3358 Illud
577 3317 643 3357 non
664 3297 734 3360 sine
756 3318 854 3359 nausa
872 3309 922 3361 est
939 3299 981 3360 ab
999 3297 1131 3359 omnibus

148 3416 377 3489 praeceptum,
399 3416 437 3468 ut
451 3413 605 3487 parcatur
619 3404 756 3467 maxime
773 3404 853 3467 roei·
865 3405 903 3465 in
923 3405 984 3467 illo
1000 3428 1018 3465 a
1035 3402 1125 3488 pueri·

149 3512 194 3573 tia
224 3512 257 3572 in
287 3512 540 3574 adolescentiam
566 3512 726 3573 transitu·
744 3548 857 3586 ¹--·.--
904 3514 981 3575 lllon
1005 3514 1122 3573 aliaest

148 3629 256 3695 autem
280 3620 366 3683 ratio.
389 3622 687 3706 pronunciationis,
721 3641 818 3704 quam
843 3620 950 3705 ipsius
975 3615 1121 3683 orationis·

146 3727 226 3787 lllam
255 3739 292 3789 ut
317 3728 372 3787 illa
397 3729 585 3804 emendata,
614 3726 947 3807 dilucida,-..ornatu,
972 3738 1049 3811 apta
1067 3742 1118 3787 esse

147 3834 262 3913 debet,
286 3836 329 3898 ita
345 3837 425 3898 haec
442 3859 581 3921 quoque.
623 3839 799 3900 Eusimara
814 3838 896 3915 erit,
912 3838 953 3899 -id
966 3847 1035 3915 est,
1054 3830 1114 3895 ville

157 3974 506 3994 *—

185 4058 210 4128 *)
237 4059 278 4115 Cf.
299 4062 386 4116 Cicer.
403 4062 438 4113 ad
455 4063 509 4116 An.
528 4062 573 4128 11,
593 4065 636 4119 23.
