2610 4800
628 381 663 422 lv

150 564 253 652 cepto
279 542 528 644 rhetorico,'o
554 552 656 623 libris
679 548 891 622 Aristotelia
902 601 918 641 ,
944 546 1148 643 Ciceronis,

152 675 392 768 Quintiliani,
426 674 605 757 Dernotrii
630 685 665 746 et
687 673 846 770 Lonpini
865 673 1016 745 collecto
1026 727 1044 766 ,
1077 677 1149 746 dio-

146 802 264 898 posita
280 802 487 898 passimque
508 797 705 896 suppleta·
736 795 857 894 aliqua
883 822 927 868 ex
949 807 1054 893 parte
1075 823 1149 869 mo

146 921 252 994 litum
268 947 347 993 esse
366 929 517 992 constat.
568 918 631 990 Ab
651 945 695 990 eo
718 945 818 1014 vero,
844 930 1016 1017 quantum
1033 947 1149 1019 quum

89 1119 92 1124 ,
149 1044 287 1116 ambitu
319 1055 356 1116 et
381 1044 554 1117 varietate
580 1069 721 1138 rerum,
760 1053 851 1123 tum
861 1044 990 1139 ordine
1012 1069 1057 1116 ce
1081 1044 1150 1117 dis

147 1156 348 1264 positione
348 1166 387 1238 in
405 1164 513 1238 ho'o'
492 1192 573 1237 meo
595 1190 703 1263 opere
723 1163 881 1260 obsim,
884 1168 1001 1265 primo
1022 1169 1149 1240 statim

148 1289 280 1362 intuitu
295 1299 465 1387 appareat
480 1314 626 1360 neeesse
640 1299 706 1361 est.
743 1289 910 1388 Namque
925 1318 998 1362 non
1013 1290 1150 1386 solum,

149 1412 245 1513 (qno
279 1413 424 1512 quidem
459 1413 516 1485 vir
543 1411 604 1484 ille
637 1412 867 1485 doctissimus
895 1412 1151 1513 supersedit),

148 1532 376 1610 cestheticcs·
394 1540 604 1609 cnriocrcoc-¹
642 1536 845 1609 doctrinam
874 1537 1152 1636 attingendam

148 1661 293 1760 putavi,
320 1661 384 1734 scd
402 1671 440 1732 ot
455 1664 635 1759 inteprarn
646 1664 828 1760 poeticam
849 1660 1036 1758 amplexus
1053 1688 1150 1761 sum,

149 1796 256 1883 atquc
291 1784 450 1880 insuper·
476 1784 522 1854 de
563 1788 623 1856 oio
655 1810 701 1855 ac
735 1787 874 1857 ratione
897 1788 1152 1884 'comparandi

149 1911 239 1979 artic
261 1906 450 1977 literarino
469 1903 714 2003 facultatem,
751 1932 844 2006 qnae
861 1896 1020 2005 potiorii
1033 1908 1152 2003 duxi,

150 2039 340 2128 praecepto
361 2028 535 2128 colligere
558 2030 657 2102 volni
678 2028 724 2129 *).
774 2032 972 2104 Praeterea
997 2056 1152 2129 omncs,

149 2153 213 2254 qni
232 2152 379 2252 quidem
397 2152 538 2224 classici
564 2150 691 2225 haberi
712 2165 1000 2250 consueverunt,
1020 2166 1154 2228 'aueto-

150 2301 232 2370 res,
277 2277 399 2374 piures
434 2302 581 2376 quoquo
612 2278 777 2351 serioris-
796 2268 950 2373 aetatis,
992 2304 1168 2378 qnorum·

149 2400 246 2471 circa
272 2398 367 2471 hanc
398 2401 584 2472 materiam
615 2402 751 2499 scripta
787 2403 1012 2499 accepimus,
1052 2402 1154 2497 adii,

150 2548 387 2623 magnamquc
408 2549 497 2598 sanc
513 2550 633 2597 rernm
649 2526 833 2623 copiam,
853 2526 899 2597 do
919 2537 990 2624 qna
1008 2550 1153 2624 compn-

149 2649 262 2720 randa
277 2658 416 2720 mamre
435 2648 596 2746 cogitare
616 2649 743 2746 coepi,
777 2649 827 2721 ita
846 2651 1031 2749 diporrere
1049 2648 1153 2722 labo

150 2772 245 2865 ravi,
283 2782 324 2842 ut
350 2796 461 2843 unum
486 2770 590 2869 quasi
611 2794 701 2869 opis
724 2797 768 2844 ex
789 2773 985 2844 multorum
1008 2782 1153 2845 senten·

148 2894 210 2967 tiis
226 2897 426 2969 exsisteret
476 2894 536 2969 Ex
555 2902 695 2997 praecis
719 2923 792 2971 non
814 2897 1004 2995 pauciora,
1039 2920 1152 2994 quam

150 3045 194 3090 cx
212 3019 337 3091 latinio
360 3017 521 3093 fontibus
539 3032 729 3119 praccepta
743 3020 948 3103 ‚adserendo
966 3044 1045 3092 csse
1068 3044 1154 3092 cen·

149 3143 229 3236 sui,
256 3170 365 3240 quum
381 3144 458 3243 jam
481 3144 587 3217 nobis
604 3141 887 3246 juvenibusque,
913 3142 1152 3217 humanitatis

155 3444 160 3453 '
212 3427 239 3505 *)
263 3428 490 3509 Widcburgius
521 3427 555 3489 in
581 3427 666 3489 libro
695 3426 789 3488 modo
821 3426 951 3488 laudato
972 3437 1149 3509 praecepta

151 3532 354 3597 solummodo
390 3535 553 3597 rhetorico
589 3544 621 3597 et
660 3555 762 3617 pauca
800 3533 839 3595 de
872 3531 1148 3616 pronunciatione

152 3638 292 3705 exhibet.
317 3645 352 3703 ln
364 3643 414 3705 hia
428 3664 506 3705 vero
520 3642 599 3726 ipsis
613 3641 811 3717 Aesthetica,
829 3662 923 3723 quam
938 3641 1147 3716 nunchabeo‚

151 3747 285 3830 antiqua
301 3748 439 3813 clasoica
454 3761 487 3814 ct
502 3750 711 3812 materiarum
727 3747 858 3819 deiectu
875 3756 907 3809 ct
921 3747 1148 3830 dispositionis

153 3854 268 3919 ordine
290 3856 405 3917 abillo
427 3878 523 3941 opere
542 3857 719 3942 plurimum
740 3853 856 3931 differt.
900 3855 996 3925 Plura
1018 3864 1147 3930 tamen,

151 3985 234 4046 quae
254 3963 486 4046 Wideburgius
510 3960 697 4048 proposuit,
721 3971 851 4046 recepto
875 3962 1033 4022 invenies.
