2610 4800
617 37 701 117 472

163 259 223 301 uec
247 235 454 298 scribendum
477 235 608 320 quidem
626 248 728 319 puto,
762 235 853 319 quod
882 255 949 298 non
971 235 1182 321 timesne,
1240 242 1250 252 ”
1276 255 1298 284 ⁰

161 345 264 406 moria
282 343 499 428 persecuturi.
541 344 622 405 Nam
641 343 676 405 id
694 364 829 428 quoqne
847 342 987 420 accidit,
1011 350 1052 404 nt
1068 364 1170 411 revo-
1233 347 1291 396 11²⁰

163 463 217 516 eet
235 472 294 512 nos
312 442 468 532 cogitatio
487 451 529 513 ad
548 451 605 512 illa
622 451 807 529 elaborato,
830 471 893 512 nec
914 448 1001 512 sinat
1014 470 1161 533 praesen·
1227 436 1290 497 5¹¹

163 569 229 622 tem
247 559 414 620 fortunam
444 558 594 641 experiri.
644 558 698 621 Sic
724 579 844 641 auceps
873 557 960 619 inter
986 568 1155 643 utrumqne
1225 559 1251 598 ⁶
1286 545 1303 580 ³

164 647 291 727 animus
311 677 457 744 aestuat,
479 688 556 731 oum
575 676 607 729 et
628 666 750 753 scripta
771 665 915 752 perdidit
930 674 963 728 et
982 686 1049 731 non
1069 674 1152 753 quas·
1207 645 1303 727 ΨΜ

164 772 211 841 rit
237 794 359 838 novat·
837 808 840 813 ·
1208 754 1252 811 π

457 1051 876 1137 cAPn'rtll.
977 1050 981 1057 ’

139 1233 327 1313 dustodida
355 1265 452 1330 ecque
476 1246 651 1329 praecipua
679 1241 720 1302 de
748 1240 1012 1329 instituendorum
1042 1244 1078 1305 in
1102 1252 1158 1305 uu
1214 1210 1226 1275 i·
1279 1318 1305 1343 ι

236 1386 238 1393 ·
385 1354 545 1418 rhetorica
563 1351 794 1451 discipulorum
814 1354 946 1416 ratione.
989 1430 994 1442 ι

610 1630 634 1708 S.
678 1631 729 1694 80.

356 1800 386 1873 a)
428 1794 476 1856 De
498 1792 593 1854 modo
616 1789 780 1856 tractandi
802 1790 990 1877 discipulos.

434 1998 551 2066 QuintiL
586 1997 725 2071 (Ineter.
743 1996 816 2051 1.11.
834 1995 916 2067 cu.)
1218 2028 1293 2130 ΗΜ

235 2150 345 2227 Quum
361 2145 400 2209 ad
417 2118 471 2212 eas
487 2148 521 2209 in
541 2147 658 2214 studiis
678 2148 762 2212 vires
782 2148 969 2232 pervenerit
984 2169 1086 2232 puer,
1115 2156 1159 2221 ut.
1220 2140 1292 2235 {sito

176 2277 260 2340 quae
281 2255 386 2338 prima
410 2276 479 2316 esse
499 2267 672 2338 praecepta
691 2255 860 2317 rhetorum
877 2254 1037 2332 diximus,
1064 2263 1161 2317 mente
1220 2246 1289 2324 iude

140 2396 143 2401 ·
175 2362 334 2445 consequi
359 2362 482 2445 possit,
517 2361 694 2422 trudendus
716 2360 784 2443 ejus
805 2361 883 2423 artis
907 2361 1071 2445 magistris
1091 2361 1161 2431 erit;
1246 2392 1294 2450 qua

175 2492 317 2554 quorum
335 2470 367 2529 in
388 2469 500 2551 primis
520 2469 640 2551 inspici
660 2491 765 2530 mores
784 2469 957 2552 oportebit.
1000 2469 1098 2549 Quod
1117 2487 1164 2549 ego
1244 2479 1282 2556 plo

175 2598 242 2639 non
277 2576 400 2639 idcirco
428 2577 639 2659 potissimum
667 2575 702 2636 in
726 2575 788 2636 hac
816 2588 908 2660 purte
937 2586 1081 2640 tractare
1106 2594 1167 2636 sun
1248 2589 1303 2642 21·ss

176 2704 364 2767 aggressus,
401 2683 477 2765 quia
509 2704 575 2744 non
608 2683 640 2748 in
679 2683 796 2747 ceteris
827 2705 961 2767 quoque
987 2683 1168 2746 doctoribus
1195 2669 1201 2697 ⁸
1250 2689 1289 2769 stu

178 2790 264 2853 idem
281 2790 343 2852 hoc
366 2789 638 2869 examinandum,
663 2813 762 2873 quam
783 2790 1034 2874 diligentissime
1052 2799 1171 2873 putem,
1250 2798 1281 2861 ,Lo

180 2896 266 2963 sicut
289 2908 427 2961 testatus
455 2920 526 2960 sum
546 2898 628 2962 libro
649 2899 778 2980 priore:
813 2898 869 2961 sed
893 2898 983 2979 quod
1005 2898 1173 2980 magisne,
1253 2882 1271 2983 ⁸¹·

180 3006 353 3071 cessariam
379 3004 447 3090 ojus
467 3006 514 3069 rei
532 3006 732 3072 mentionem
754 3005 835 3069 fucit
852 3017 940 3067 aetus
959 3007 1030 3087 ipsa
1053 3005 1175 3067 discen-

179 3113 273 3173 tium.
316 3113 396 3173 Nam
416 3122 448 3175 et
472 3112 576 3175 adulti
599 3116 667 3175 fere
693 3113 786 3197 pueri
809 3111 849 3172 ad
870 3112 931 3173 hos
952 3123 1176 3195 praeceptores

179 3203 443 3297 transferuntur,
477 3234 510 3283 et
531 3221 616 3303 apud
637 3242 699 3304 *eos
719 3219 854 3304 juvenes
884 3222 980 3282 etium
1005 3221 1086 3282 facti
1105 3241 1177 3303 per·

181 3339 352 3403 severant,
376 3327 516 3410 ideoque
532 3309 633 3411 major
652 3325 834 3389 adhibenda
851 3336 921 3388 tum
943 3348 1021 3390 cura
1043 3339 1111 3390 ests
1142 3336 1178 3387 ut

71 3460 74 3467 ¹
182 3444 215 3498 ct
239 3434 417 3497 teneriores
439 3457 542 3498 annos
566 3435 605 3495 ub
624 3432 741 3516 injurio
763 3434 917 3497 sanctitas
943 3435 1095 3496 docentis
1126 3456 1178 3495 cu·

183 3539 325 3618 stodiat,
359 3552 391 3605 et
418 3542 594 3603 ferociores
624 3563 640 3598 u
676 3540 807 3604 lieentia
838 3541 977 3624 gravitas
1007 3540 1176 3603 deterreat

181 3649 296 3731 Neque
321 3669 396 3711 vero
417 3651 494 3713 satis
517 3660 566 3711 est
584 3671 740 3713 summum
761 3652 922 3733 praestare
935 3649 1175 3721 abstinentiam,
