2610 4800
719 449 804 526 150

452 648 655 718 Quintilianus.
698 647 786 718 (Inst.
808 665 845 701 ot.
868 647 888 702 l.
910 648 957 702 XI.
979 665 1004 703 c.
1030 647 1071 720 t.)

319 751 436 814 Parata
458 750 617 812 facultate
639 748 805 811 scribendi
827 748 1085 833 cogitandique,
1118 752 1253 835 proxinn

259 867 310 937 est
333 878 432 934 cura,
464 866 502 918 ut
525 857 671 918 dicamus
690 871 761 942 apte
769 884 782 928 ;
816 876 914 939 quam
934 858 1095 921 virtutem
1113 871 1254 943 quartam

259 965 456 1048 elocutionis
488 965 599 1026 Cicero
624 965 826 1025 demonstrat
843 964 893 1043 *),
928 988 1082 1049 quaeque
1112 976 1165 1030 cst
1194 989 1253 1030 meo

255 1073 380 1160 judicio
409 1071 547 1134 maxime
579 1073 773 1133 necessaria.
825 1073 906 1134 Nam
939 1096 1015 1135 cum
1045 1074 1091 1137 sit
1128 1086 1254 1137 ornatus

256 1181 416 1246 orationis
432 1182 542 1241 varius
561 1191 594 1241 et
609 1180 801 1262 multiplex,
823 1180 1066 1265 conveniatque
1082 1183 1172 1246 alius
1188 1184 1252 1261 alii,

256 1291 321 1353 nisi
345 1290 446 1352 fuerit
468 1277 732 1350 accommodatus
754 1289 850 1349 rebus
870 1301 970 1373 atque
990 1293 1165 1373 personis,
1198 1316 1254 1357 non

254 1399 352 1462 modo
375 1419 440 1458 non
460 1395 636 1458 illustrabit
652 1418 744 1473 eam,
776 1395 948 1458 sedetiam
969 1397 1121 1462 destruet
1142 1413 1178 1466 et
1199 1401 1255 1465 vin

253 1529 364 1571 rerum
381 1506 414 1567 in
430 1492 634 1567 contrarium
648 1513 764 1568 vertet,
807 1504 896 1584 Quid
914 1505 1001 1566 enim
1016 1507 1169 1589 prodest,
1192 1531 1254 1572 esse

253 1616 353 1680 verba
376 1625 408 1676 et
430 1612 533 1672 latina
555 1623 588 1675 et
605 1611 822 1694 significantia
843 1625 875 1674 et
891 1612 1007 1692 nitida,
1029 1613 1148 1698 figuris
1165 1619 1254 1680 etiam

253 1721 467 1805 numerisque
488 1718 671 1798 elaborata,
696 1721 760 1782 nisi
781 1742 857 1782 cum
875 1721 938 1800 iis,
961 1722 996 1782 in
1014 1745 1102 1804 quae
1118 1722 1255 1807 jndicem

222 1812 332 1894 ¹<inci
368 1828 570 1911 formarique
600 1829 774 1908 volumus,
822 1830 1057 1927 consentiant?
1098 1831 1128 1891 si
1160 1852 1252 1917 genus

254 1940 393 2003 sublime
416 1938 549 2000 dicendi
574 1938 683 2021 parvis
709 1938 743 1999 in
770 1932 897 2010 causis,
929 1962 1065 2022 parvum
1092 1940 1242 2003 limatum

253 2024 319 2131 que
340 2047 536 2131 grandibus,
559 2046 682 2108 laetum
703 2047 874 2124 tristibus,
897 2047 971 2109 lene
990 2048 1128 2132 asperis,
1152 2050 1252 2111 minax

254 2156 478 2238 supplicibus,
512 2155 720 2215 summissum
743 2155 938 2233 concitatis,
963 2150 1045 2227 'trux
1067 2167 1171 2242 atque
1191 2158 1251 2221 rio-

252 2262 380 2324 lentum
397 2261 552 2346 jucundis
577 2263 806 2324 adhibeamus?
836 2273 874 2324 ut
890 2265 1066 2326 monilibus
1082 2278 1117 2330 et
1136 2290 1251 2352 marga·

232 2368 325 2451 ‘ritis
345 2391 383 2430 ac
400 2380 491 2433 veste
508 2371 621 2454 longa,
644 2381 822 2452 quaesunt
840 2384 1030 2435 ornamenta
1045 2375 1249 2454 feminarum,

252 2476 478 2539 deformentur
495 2479 580 2552 riri;
604 2500 665 2540 nec
685 2476 814 2540 habitus
832 2479 1059 2562 triumphalis,
1083 2504 1154 2565 quo
1176 2481 1249 2545 nihil

254 2584 431 2667 excogitari
449 2597 557 2669 potest
574 2586 765 2669 augustius,
797 2587 935 2648 feminas
954 2589 1076 2650 deceat.
1094 2626 1137 2638 --
1179 2594 1250 2655 Nam

253 2703 390 2755 ornatus
409 2693 514 2754 omnis
532 2675 684 2754 nontam
702 2714 772 2774 sua,
797 2716 896 2778 quam
912 2696 978 2771 rei,
1000 2697 1055 2758 cui
1073 2698 1250 2774 adhibetur,

255 2800 446 2863 conditione
461 2810 609 2874 constat3
634 2823 695 2862 nec
708 2801 782 2884 plus
797 2803 910 2878 refert,
935 2803 1015 2885 quid
1030 2804 1135 2883 dicas,
1159 2828 1250 2891 qnam

253 2931 320 2993 quo
337 2908 422 2970 loco.
463 2909 527 2971 Sed
545 2919 651 2970 totum
669 2909 750 2988 hoc,
772 2925 842 2996 apte
860 2912 967 2974 dicere
975 2959 989 2987 ,
1010 2934 1077 2975 non
1093 2913 1251 2977 elocutio·

251 3017 304 3079 nir
325 3026 455 3079 tantum
483 3038 600 3101 genere
623 3028 770 3094 constat,
806 3017 864 3078 sed
894 3030 944 3080 est
975 3043 1049 3082 cum
1075 3024 1251 3085 inventione

253 3146 427 3188 commune
453 3126 507 3204 **).
534 3161 573 3174 -
624 3127 715 3190 Illud
747 3135 796 3187 est
829 3125 1017 3209 diligentius
1048 3129 1252 3207 docendum,

253 3256 328 3297 eum
353 3234 483 3295 demum
506 3233 616 3299 dicere
637 3245 731 3318 apte,
767 3233 824 3316 qui
854 3259 919 3298 non
955 3238 1062 3298 solum
1087 3238 1144 3318 id,
1179 3237 1255 3323 quid
1293 3320 1295 3329 Ι

252 3342 424 3430 expediat,
456 3343 514 3404 sed
535 3355 567 3407 et
588 3343 669 3427 qnid
689 3330 821 3419 deceat,
847 3346 1036 3436 inspexerit.
1052 3383 1094 3396 -
1116 3384 1158 3396 -
1199 3348 1257 3411 Est

287 3620 315 3692 ¹¹)
342 3625 383 3678 Cf.
403 3626 445 3678 De
462 3637 534 3678 orat.
552 3626 571 3678 l.
593 3626 645 3676 111.
664 3640 688 3676 c.
711 3642 750 3680 ro.
767 3625 817 3678 ubi
837 3624 936 3676 Cicero
953 3621 1005 3677 ita:
1037 3594 1160 3698 Quidam
1178 3629 1259 3698 igitur

339 3718 451 3773 dicendi
468 3728 509 3775 est
526 3719 624 3783 modus
643 3720 753 3786 melior,
780 3737 863 3792 quam
882 3728 914 3771 ut
930 3719 1031 3785 latine,
1057 3724 1207 3797 utplane,
1227 3734 1259 3778 ut

342 3825 447 3880 ornato,
467 3828 499 3871 ut
517 3815 558 3869 ad
573 3813 620 3878 id,
639 3816 831 3890 quodcumque
849 3829 958 3887 agetur,
978 3830 1040 3887 apte
1058 3834 1259 3892 congruenter·

341 3926 394 3981 que
415 3909 549 3969 dicamus.

275 3999 316 4071 '*)
341 4001 381 4055 ef.
404 4016 488 4073 caput
508 4007 678 4077 proximum,
705 4025 762 4078 quo
784 4005 926 4062 doctrinae
947 4007 983 4062 de
1004 4010 1124 4064 materia
1145 4011 1260 4068 dicendi

343 4098 469 4152 universa
489 4120 593 4154 summa
613 4101 779 4156 continetur.
