<?xml version="1.0" encoding="UTF-8"?>
<!DOCTYPE html PUBLIC "-//W3C//DTD XHTML 1.0 Transitional//EN"
    "http://www.w3.org/TR/xhtml1/DTD/xhtml1-transitional.dtd">
<html xmlns="http://www.w3.org/1999/xhtml" xml:lang="en" lang="en">
 <head>
  <title>
</title>
<meta http-equiv="Content-Type" content="text/html;charset=utf-8" />
  <meta name='ocr-system' content='tesseract 3.04.00' />
  <meta name='ocr-capabilities' content='ocr_page ocr_carea ocr_par ocr_line ocrx_word'/>
</head>
<body>
  <div class='ocr_page' id='page_1' title='image "./aestheticaliter00hillgoog_0332.png"; bbox 0 0 2610 4800; ppageno 0'>
   <div class='ocr_carea' id='block_1_1' title="bbox 179 613 1162 815">
    <p class='ocr_par' dir='ltr' id='par_1_1' title="bbox 179 603 1162 815">
     <span class='ocr_line' id='line_1_1' title="bbox 181 613 1159 705; baseline -0.001 -20"><span class='ocrx_word' id='word_1_1' title='bbox 181 623 271 704; x_wconf 83' lang='lat' dir='ltr'><strong>Quid</strong></span> <span class='ocrx_word' id='word_1_2' title='bbox 289 620 414 686; x_wconf 76' lang='lat' dir='ltr'><strong>insita?</strong></span> <span class='ocrx_word' id='word_1_3' title='bbox 453 621 489 684; x_wconf 88' lang='lat' dir='ltr'><strong>C.</strong></span> <span class='ocrx_word' id='word_1_4' title='bbox 507 622 543 685; x_wconf 84' lang='lat' dir='ltr'><strong>P.</strong></span> <span class='ocrx_word' id='word_1_5' title='bbox 565 624 657 702; x_wconf 84' lang='lat' dir='ltr'><strong>Quae</strong></span> <span class='ocrx_word' id='word_1_6' title='bbox 673 619 895 685; x_wconf 83' lang='lat' dir='ltr'><strong>inhaerentia</strong></span> <span class='ocrx_word' id='word_1_7' title='bbox 913 618 985 705; x_wconf 78' lang='lat' dir='ltr'><strong>ipsa</strong></span> <span class='ocrx_word' id='word_1_8' title='bbox 999 639 1046 685; x_wconf 83' lang='lat' dir='ltr'><strong>re.</strong></span> <span class='ocrx_word' id='word_1_9' title='bbox 1087 613 1120 681; x_wconf 84' lang='lat' dir='ltr'><strong>C.</strong></span> <span class='ocrx_word' id='word_1_10' title='bbox 1132 619 1159 684; x_wconf 75' lang='grc' dir='ltr'><strong>Ρ.</strong></span> 
     </span>
     <span class='ocr_line' id='line_1_2' title="bbox 179 726 1162 815; baseline -0.006 -19"><span class='ocrx_word' id='word_1_11' title='bbox 179 730 458 796; x_wconf 78' lang='lat' dir='ltr'><strong>Testimoniorum</strong></span> <span class='ocrx_word' id='word_1_12' title='bbox 486 751 570 812; x_wconf 86' lang='lat' dir='ltr'><strong>qnae</strong></span> <span class='ocrx_word' id='word_1_13' title='bbox 602 739 680 792; x_wconf 85' lang='lat' dir='ltr'><strong>suut</strong></span> <span class='ocrx_word' id='word_1_14' title='bbox 710 729 852 815; x_wconf 64' lang='lat' dir='ltr'><strong>general</strong></span> <span class='ocrx_word' id='word_1_15' title='bbox 891 729 928 804; x_wconf 85' lang='lat' dir='ltr'><strong>C.</strong></span> <span class='ocrx_word' id='word_1_16' title='bbox 952 728 989 790; x_wconf 90' lang='grc' dir='ltr'><strong>Ρ.</strong></span> <span class='ocrx_word' id='word_1_17' title='bbox 1020 726 1162 791; x_wconf 79' lang='lat' dir='ltr'><strong>Divinum</strong></span> 
     </span>
    </p>
   </div>
   <div class='ocr_carea' id='block_1_2' title="bbox 180 831 1167 1033">
    <p class='ocr_par' dir='ltr' id='par_1_2' title="bbox 180 831 1167 1033">
     <span class='ocr_line' id='line_1_3' title="bbox 181 831 1165 934; baseline -0.006 -32"><span class='ocrx_word' id='word_1_18' title='bbox 181 849 216 902; x_wconf 88' lang='lat' dir='ltr'><strong>et</strong></span> <span class='ocrx_word' id='word_1_19' title='bbox 234 839 424 901; x_wconf 85' lang='lat' dir='ltr'><strong>humanum.</strong></span> <span class='ocrx_word' id='word_1_20' title='bbox 465 836 642 929; x_wconf 82' lang='lat' dir='ltr'><strong>Divinum,</strong></span> <span class='ocrx_word' id='word_1_21' title='bbox 664 846 702 927; x_wconf 83' lang='lat' dir='ltr'><strong>ut</strong></span> <span class='ocrx_word' id='word_1_22' title='bbox 722 836 874 915; x_wconf 85' lang='lat' dir='ltr'><strong>oracula,</strong></span> <span class='ocrx_word' id='word_1_23' title='bbox 897 831 1115 934; x_wconf 25' lang='lat' dir='ltr'><strong>utstauipipia,</strong></span> <span class='ocrx_word' id='word_1_24' title='bbox 1133 841 1165 896; x_wconf 85' lang='lat' dir='ltr'><strong>ut</strong></span> 
     </span>
     <span class='ocr_line' id='line_1_4' title="bbox 180 942 1167 1033; baseline -0.007 -22"><span class='ocrx_word' id='word_1_25' title='bbox 180 945 431 1011; x_wconf 77' lang='lat' dir='ltr'><strong>vaticinationes</strong></span> <span class='ocrx_word' id='word_1_26' title='bbox 457 957 490 1008; x_wconf 89' lang='lat' dir='ltr'><strong>et</strong></span> <span class='ocrx_word' id='word_1_27' title='bbox 511 965 666 1029; x_wconf 88' lang='lat' dir='ltr'><strong>responsa</strong></span> <span class='ocrx_word' id='word_1_28' title='bbox 685 944 909 1033; x_wconf 69' lang='lat' dir='ltr'><strong>secerdotum,</strong></span> <span class='ocrx_word' id='word_1_29' title='bbox 941 942 1167 1027; x_wconf 78' lang='lat' dir='ltr'><strong>haruspicum,</strong></span> 
     </span>
    </p>
   </div>
   <div class='ocr_carea' id='block_1_3' title="bbox 72 1050 1170 1141">
    <p class='ocr_par' dir='ltr' id='par_1_3' title="bbox 72 1050 1170 1141">
     <span class='ocr_line' id='line_1_5' title="bbox 72 1050 1170 1141; baseline -0.005 -22"><span class='ocrx_word' id='word_1_30' title='bbox 72 1095 75 1108; x_wconf 49' lang='grc' dir='ltr'><strong><em>ι</em></strong></span> <span class='ocrx_word' id='word_1_31' title='bbox 182 1053 417 1119; x_wconf 81' lang='lat' dir='ltr'><strong>concistorum.</strong></span> <span class='ocrx_word' id='word_1_32' title='bbox 459 1055 665 1133; x_wconf 84' lang='lat' dir='ltr'><strong>Humanum,</strong></span> <span class='ocrx_word' id='word_1_33' title='bbox 700 1052 788 1137; x_wconf 91' lang='lat' dir='ltr'><strong>quod</strong></span> <span class='ocrx_word' id='word_1_34' title='bbox 810 1061 980 1141; x_wconf 73' lang='lat' dir='ltr'><strong>spectatur</strong></span> <span class='ocrx_word' id='word_1_35' title='bbox 1002 1072 1042 1116; x_wconf 87' lang='lat' dir='ltr'><strong>ex</strong></span> <span class='ocrx_word' id='word_1_36' title='bbox 1062 1050 1170 1114; x_wconf 76' lang='lat' dir='ltr'><strong>anito-</strong></span> 
     </span>
    </p>
   </div>
   <div class='ocr_carea' id='block_1_4' title="bbox 94 1147 1177 2754">
    <p class='ocr_par' dir='ltr' id='par_1_4' title="bbox 94 1147 1177 2754">
     <span class='ocr_line' id='line_1_6' title="bbox 180 1147 1173 1240; baseline -0.001 -15"><span class='ocrx_word' id='word_1_37' title='bbox 180 1147 300 1240; x_wconf 84' lang='lat' dir='ltr'><strong>ritate,</strong></span> <span class='ocrx_word' id='word_1_38' title='bbox 331 1170 364 1225; x_wconf 86' lang='lat' dir='ltr'><strong>et</strong></span> <span class='ocrx_word' id='word_1_39' title='bbox 388 1183 426 1224; x_wconf 81' lang='lat' dir='ltr'><strong>ex</strong></span> <span class='ocrx_word' id='word_1_40' title='bbox 446 1161 634 1240; x_wconf 83' lang='lat' dir='ltr'><strong>voluntate,</strong></span> <span class='ocrx_word' id='word_1_41' title='bbox 666 1171 699 1224; x_wconf 88' lang='lat' dir='ltr'><strong>et</strong></span> <span class='ocrx_word' id='word_1_42' title='bbox 725 1183 761 1225; x_wconf 85' lang='lat' dir='ltr'><strong>ex</strong></span> <span class='ocrx_word' id='word_1_43' title='bbox 791 1161 960 1238; x_wconf 84' lang='lat' dir='ltr'><strong>oratione,</strong></span> <span class='ocrx_word' id='word_1_44' title='bbox 992 1168 1050 1229; x_wconf 84' lang='lat' dir='ltr'><strong>aut</strong></span> <span class='ocrx_word' id='word_1_45' title='bbox 1075 1158 1173 1224; x_wconf 72' lang='lat' dir='ltr'><strong>libert</strong></span> 
     </span>
     <span class='ocr_line' id='line_1_7' title="bbox 181 1269 1173 1354; baseline -0.001 -24"><span class='ocrx_word' id='word_1_46' title='bbox 181 1280 239 1330; x_wconf 87' lang='lat' dir='ltr'><strong>aut</strong></span> <span class='ocrx_word' id='word_1_47' title='bbox 258 1290 426 1354; x_wconf 68' lang='lat' dir='ltr'><strong>expressa;</strong></span> <span class='ocrx_word' id='word_1_48' title='bbox 450 1270 484 1331; x_wconf 89' lang='lat' dir='ltr'><strong>in</strong></span> <span class='ocrx_word' id='word_1_49' title='bbox 508 1291 573 1352; x_wconf 91' lang='lat' dir='ltr'><strong>quo</strong></span> <span class='ocrx_word' id='word_1_50' title='bbox 594 1281 673 1333; x_wconf 87' lang='lat' dir='ltr'><strong>suut</strong></span> <span class='ocrx_word' id='word_1_51' title='bbox 695 1269 835 1352; x_wconf 89' lang='lat' dir='ltr'><strong>scripta,</strong></span> <span class='ocrx_word' id='word_1_52' title='bbox 857 1279 974 1353; x_wconf 79' lang='lat' dir='ltr'><strong>pacta,</strong></span> <span class='ocrx_word' id='word_1_53' title='bbox 996 1269 1173 1352; x_wconf 83' lang='lat' dir='ltr'><strong>promissa,</strong></span> 
     </span>
     <span class='ocr_line' id='line_1_8' title="bbox 178 1374 1175 1462; baseline -0.002 -24"><span class='ocrx_word' id='word_1_54' title='bbox 178 1374 302 1462; x_wconf 85' lang='lat' dir='ltr'><strong>jurata,</strong></span> <span class='ocrx_word' id='word_1_55' title='bbox 326 1378 483 1460; x_wconf 88' lang='lat' dir='ltr'><strong>quaesita.</strong></span> <span class='ocrx_word' id='word_1_56' title='bbox 528 1378 562 1439; x_wconf 90' lang='lat' dir='ltr'><strong>C.</strong></span> <span class='ocrx_word' id='word_1_57' title='bbox 577 1377 610 1438; x_wconf 87' lang='lat' dir='ltr'><strong>F.</strong></span> <span class='ocrx_word' id='word_1_58' title='bbox 635 1379 726 1456; x_wconf 85' lang='lat' dir='ltr'><strong>Quae</strong></span> <span class='ocrx_word' id='word_1_59' title='bbox 740 1385 837 1453; x_wconf 88' lang='lat' dir='ltr'><strong>sunt,</strong></span> <span class='ocrx_word' id='word_1_60' title='bbox 854 1399 946 1460; x_wconf 78' lang='lat' dir='ltr'><strong>quae</strong></span> <span class='ocrx_word' id='word_1_61' title='bbox 958 1376 1043 1459; x_wconf 81' lang='lat' dir='ltr'><strong>dicis</strong></span> <span class='ocrx_word' id='word_1_62' title='bbox 1060 1376 1175 1440; x_wconf 79' lang='lat' dir='ltr'><strong>insita?</strong></span> 
     </span>
     <span class='ocr_line' id='line_1_9' title="bbox 181 1483 1176 1568; baseline -0.003 -21"><span class='ocrx_word' id='word_1_63' title='bbox 181 1486 216 1547; x_wconf 90' lang='lat' dir='ltr'><strong>C.</strong></span> <span class='ocrx_word' id='word_1_64' title='bbox 231 1485 267 1546; x_wconf 92' lang='lat' dir='ltr'><strong>P.</strong></span> <span class='ocrx_word' id='word_1_65' title='bbox 285 1487 381 1565; x_wconf 83' lang='lat' dir='ltr'><strong>Quae</strong></span> <span class='ocrx_word' id='word_1_66' title='bbox 398 1483 496 1546; x_wconf 84' lang='lat' dir='ltr'><strong>infixa</strong></span> <span class='ocrx_word' id='word_1_67' title='bbox 513 1495 592 1546; x_wconf 87' lang='lat' dir='ltr'><strong>sunt</strong></span> <span class='ocrx_word' id='word_1_68' title='bbox 612 1485 707 1549; x_wconf 82' lang='lat' dir='ltr'><strong>rebus</strong></span> <span class='ocrx_word' id='word_1_69' title='bbox 728 1483 807 1568; x_wconf 87' lang='lat' dir='ltr'><strong>ipsis</strong></span> <span class='ocrx_word' id='word_1_70' title='bbox 827 1487 916 1566; x_wconf 89' lang='lat' dir='ltr'><strong>[tum</strong></span> <span class='ocrx_word' id='word_1_71' title='bbox 936 1506 979 1555; x_wconf 48' lang='lat' dir='ltr'><strong>ex¹</strong></span> <span class='ocrx_word' id='word_1_72' title='bbox 992 1494 1084 1563; x_wconf 88' lang='lat' dir='ltr'><strong>toto,</strong></span> <span class='ocrx_word' id='word_1_73' title='bbox 1107 1492 1176 1544; x_wconf 88' lang='lat' dir='ltr'><strong>tum</strong></span> 
     </span>
     <span class='ocr_line' id='line_1_10' title="bbox 181 1576 1174 1676; baseline -0.005 -20"><span class='ocrx_word' id='word_1_74' title='bbox 181 1593 409 1676; x_wconf 82' lang='lat' dir='ltr'><strong>expertibus,</strong></span> <span class='ocrx_word' id='word_1_75' title='bbox 445 1604 515 1655; x_wconf 91' lang='lat' dir='ltr'><strong>tum</strong></span> <span class='ocrx_word' id='word_1_76' title='bbox 540 1614 579 1654; x_wconf 79' lang='lat' dir='ltr'><strong>ex</strong></span> <span class='ocrx_word' id='word_1_77' title='bbox 608 1576 798 1668; x_wconf 79' lang='lat' dir='ltr'><strong>rotatibue,</strong></span> <span class='ocrx_word' id='word_1_78' title='bbox 832 1601 903 1653; x_wconf 90' lang='lat' dir='ltr'><strong>tum</strong></span> <span class='ocrx_word' id='word_1_79' title='bbox 930 1613 968 1654; x_wconf 86' lang='lat' dir='ltr'><strong>ex</strong></span> <span class='ocrx_word' id='word_1_80' title='bbox 994 1591 1035 1653; x_wconf 84' lang='lat' dir='ltr'><strong>iis</strong></span> <span class='ocrx_word' id='word_1_81' title='bbox 1060 1592 1174 1668; x_wconf 84' lang='lat' dir='ltr'><strong>rebus,</strong></span> 
     </span>
     <span class='ocr_line' id='line_1_11' title="bbox 182 1688 1176 1786; baseline -0.002 -24"><span class='ocrx_word' id='word_1_82' title='bbox 182 1722 267 1786; x_wconf 85' lang='lat' dir='ltr'><strong>qnae</strong></span> <span class='ocrx_word' id='word_1_83' title='bbox 288 1699 525 1785; x_wconf 88' lang='lat' dir='ltr'><strong>quodammodo</strong></span> <span class='ocrx_word' id='word_1_84' title='bbox 543 1688 679 1763; x_wconf 80' lang='lat' dir='ltr'><strong>allectae</strong></span> <span class='ocrx_word' id='word_1_85' title='bbox 700 1700 836 1762; x_wconf 82' lang='lat' dir='ltr'><strong>suntad</strong></span> <span class='ocrx_word' id='word_1_86' title='bbox 856 1699 905 1777; x_wconf 89' lang='lat' dir='ltr'><strong>id,</strong></span> <span class='ocrx_word' id='word_1_87' title='bbox 929 1699 1056 1783; x_wconf 84' lang='lat' dir='ltr'><strong>dequo</strong></span> <span class='ocrx_word' id='word_1_88' title='bbox 1078 1720 1176 1782; x_wconf 87' lang='lat' dir='ltr'><strong>quae-</strong></span> 
     </span>
     <span class='ocr_line' id='line_1_12' title="bbox 180 1806 1176 1894; baseline -0.003 -23"><span class='ocrx_word' id='word_1_89' title='bbox 180 1809 285 1885; x_wconf 86' lang='lat' dir='ltr'><strong>ritur,</strong></span> <span class='ocrx_word' id='word_1_90' title='bbox 318 1817 350 1869; x_wconf 91' lang='lat' dir='ltr'><strong>et</strong></span> <span class='ocrx_word' id='word_1_91' title='bbox 377 1807 418 1869; x_wconf 90' lang='lat' dir='ltr'><strong>ad</strong></span> <span class='ocrx_word' id='word_1_92' title='bbox 446 1807 479 1869; x_wconf 90' lang='lat' dir='ltr'><strong>id</strong></span> <span class='ocrx_word' id='word_1_93' title='bbox 503 1817 628 1885; x_wconf 88' lang='lat' dir='ltr'><strong>totum,</strong></span> <span class='ocrx_word' id='word_1_94' title='bbox 656 1807 700 1870; x_wconf 84' lang='lat' dir='ltr'><strong>de</strong></span> <span class='ocrx_word' id='word_1_95' title='bbox 715 1828 785 1894; x_wconf 74' lang='lat' dir='ltr'><strong>guo</strong></span> <span class='ocrx_word' id='word_1_96' title='bbox 807 1809 999 1886; x_wconf 83' lang='lat' dir='ltr'><strong>disseritur,</strong></span> <span class='ocrx_word' id='word_1_97' title='bbox 1028 1818 1101 1871; x_wconf 90' lang='lat' dir='ltr'><strong>tum</strong></span> <span class='ocrx_word' id='word_1_98' title='bbox 1121 1806 1176 1869; x_wconf 88' lang='lat' dir='ltr'><strong>de·</strong></span> 
     </span>
     <span class='ocr_line' id='line_1_13' title="bbox 181 1915 1175 1999; baseline -0.001 -20"><span class='ocrx_word' id='word_1_99' title='bbox 181 1915 288 1979; x_wconf 90' lang='lat' dir='ltr'><strong>fiuitio</strong></span> <span class='ocrx_word' id='word_1_100' title='bbox 321 1915 512 1992; x_wconf 86' lang='lat' dir='ltr'><strong>adhibetur,</strong></span> <span class='ocrx_word' id='word_1_101' title='bbox 558 1927 629 1983; x_wconf 86' lang='lat' dir='ltr'><strong>tum</strong></span> <span class='ocrx_word' id='word_1_102' title='bbox 661 1915 805 1999; x_wconf 86' lang='lat' dir='ltr'><strong>partium</strong></span> <span class='ocrx_word' id='word_1_103' title='bbox 844 1915 1067 1994; x_wconf 88' lang='lat' dir='ltr'><strong>enumeratio,</strong></span> <span class='ocrx_word' id='word_1_104' title='bbox 1105 1925 1175 1978; x_wconf 81' lang='lat' dir='ltr'><strong>tun</strong></span> 
     </span>
     <span class='ocr_line' id='line_1_14' title="bbox 140 2009 1174 2118; baseline -0.004 -30"><span class='ocrx_word' id='word_1_105' title='bbox 140 2009 142 2015; x_wconf 34' lang='lat'><strong><em>¹</em></strong></span> <span class='ocrx_word' id='word_1_106' title='bbox 182 2024 309 2089; x_wconf 82' lang='lat' dir='ltr'><strong>notatio</strong></span> <span class='ocrx_word' id='word_1_107' title='bbox 334 2024 436 2088; x_wconf 83' lang='lat' dir='ltr'><strong>verbi.</strong></span> <span class='ocrx_word' id='word_1_108' title='bbox 479 2024 527 2118; x_wconf 62' lang='lat' dir='ltr'><strong>Er</strong></span> <span class='ocrx_word' id='word_1_109' title='bbox 551 2023 592 2085; x_wconf 90' lang='lat' dir='ltr'><strong>iis</strong></span> <span class='ocrx_word' id='word_1_110' title='bbox 624 2035 733 2086; x_wconf 89' lang='lat' dir='ltr'><strong>autem</strong></span> <span class='ocrx_word' id='word_1_111' title='bbox 762 2024 881 2102; x_wconf 88' lang='lat' dir='ltr'><strong>rebus,</strong></span> <span class='ocrx_word' id='word_1_112' title='bbox 912 2033 995 2106; x_wconf 87' lang='lat' dir='ltr'><strong>quae</strong></span> <span class='ocrx_word' id='word_1_113' title='bbox 1016 2023 1174 2107; x_wconf 82' lang='lat' dir='ltr'><strong>quodam-</strong></span> 
     </span>
     <span class='ocr_line' id='line_1_15' title="bbox 182 2117 1173 2215; baseline -0.005 -19"><span class='ocrx_word' id='word_1_114' title='bbox 182 2133 281 2196; x_wconf 70' lang='lat' dir='ltr'><strong>modov</strong></span> <span class='ocrx_word' id='word_1_115' title='bbox 304 2132 437 2195; x_wconf 83' lang='lat' dir='ltr'><strong>affectae</strong></span> <span class='ocrx_word' id='word_1_116' title='bbox 466 2139 544 2209; x_wconf 87' lang='lat' dir='ltr'><strong>sunt</strong></span> <span class='ocrx_word' id='word_1_117' title='bbox 572 2129 685 2208; x_wconf 78' lang='lat' dir='ltr'><strong>adid,</strong></span> <span class='ocrx_word' id='word_1_118' title='bbox 720 2129 761 2195; x_wconf 84' lang='lat' dir='ltr'><strong>de</strong></span> <span class='ocrx_word' id='word_1_119' title='bbox 794 2153 858 2215; x_wconf 89' lang='lat' dir='ltr'><strong>quo</strong></span> <span class='ocrx_word' id='word_1_120' title='bbox 886 2117 1076 2215; x_wconf 84' lang='lat' dir='ltr'><strong>quaeritur,</strong></span> <span class='ocrx_word' id='word_1_121' title='bbox 1112 2131 1173 2192; x_wconf 78' lang='lat' dir='ltr'><strong>alia</strong></span> 
     </span>
     <span class='ocr_line' id='line_1_16' title="bbox 145 2236 1176 2327; baseline 0 -27"><span class='ocrx_word' id='word_1_122' title='bbox 145 2236 163 2300; x_wconf 58' lang='lat' dir='ltr'><strong>a</strong></span> <span class='ocrx_word' id='word_1_123' title='bbox 182 2238 354 2323; x_wconf 84' lang='lat' dir='ltr'><strong>conjugata</strong></span> <span class='ocrx_word' id='word_1_124' title='bbox 372 2237 595 2327; x_wconf 80' lang='lat' dir='ltr'><strong>appellantur,</strong></span> <span class='ocrx_word' id='word_1_125' title='bbox 618 2237 682 2299; x_wconf 88' lang='lat' dir='ltr'><strong>alia</strong></span> <span class='ocrx_word' id='word_1_126' title='bbox 702 2259 890 2322; x_wconf 81' lang='lat' dir='ltr'><strong>exgenere,</strong></span> <span class='ocrx_word' id='word_1_127' title='bbox 913 2237 976 2298; x_wconf 88' lang='lat' dir='ltr'><strong>alia</strong></span> <span class='ocrx_word' id='word_1_128' title='bbox 995 2261 1034 2302; x_wconf 83' lang='lat' dir='ltr'><strong>ex</strong></span> <span class='ocrx_word' id='word_1_129' title='bbox 1054 2240 1176 2316; x_wconf 80' lang='lat' dir='ltr'><strong>forma,</strong></span> 
     </span>
     <span class='ocr_line' id='line_1_17' title="bbox 181 2326 1174 2424; baseline 0.001 -16"><span class='ocrx_word' id='word_1_130' title='bbox 181 2346 302 2409; x_wconf 85' lang='lat' dir='ltr'><strong>aliaex</strong></span> <span class='ocrx_word' id='word_1_131' title='bbox 321 2345 555 2421; x_wconf 87' lang='lat' dir='ltr'><strong>similitudine,</strong></span> <span class='ocrx_word' id='word_1_132' title='bbox 589 2345 652 2407; x_wconf 86' lang='lat' dir='ltr'><strong>aliu</strong></span> <span class='ocrx_word' id='word_1_133' title='bbox 670 2326 709 2409; x_wconf 71' lang='lat' dir='ltr'><strong>e‘x</strong></span> <span class='ocrx_word' id='word_1_134' title='bbox 727 2345 928 2424; x_wconf 85' lang='lat' dir='ltr'><strong>differentia,</strong></span> <span class='ocrx_word' id='word_1_135' title='bbox 959 2345 1022 2407; x_wconf 85' lang='lat' dir='ltr'><strong>alia</strong></span> <span class='ocrx_word' id='word_1_136' title='bbox 1039 2368 1078 2410; x_wconf 83' lang='lat' dir='ltr'><strong>ex</strong></span> <span class='ocrx_word' id='word_1_137' title='bbox 1097 2368 1174 2411; x_wconf 88' lang='lat' dir='ltr'><strong>oon-</strong></span> 
     </span>
     <span class='ocr_line' id='line_1_18' title="bbox 181 2438 1173 2538; baseline 0.001 -23"><span class='ocrx_word' id='word_1_138' title='bbox 181 2452 304 2530; x_wconf 47' lang='lat' dir='ltr'><strong>trariov,</strong></span> <span class='ocrx_word' id='word_1_139' title='bbox 337 2453 398 2517; x_wconf 86' lang='lat' dir='ltr'><strong>alia</strong></span> <span class='ocrx_word' id='word_1_140' title='bbox 426 2475 464 2517; x_wconf 83' lang='lat' dir='ltr'><strong>ex</strong></span> <span class='ocrx_word' id='word_1_141' title='bbox 493 2450 701 2538; x_wconf 82' lang='lat' dir='ltr'><strong>conjunctis,</strong></span> <span class='ocrx_word' id='word_1_142' title='bbox 733 2452 796 2514; x_wconf 88' lang='lat' dir='ltr'><strong>ulia</strong></span> <span class='ocrx_word' id='word_1_143' title='bbox 821 2474 861 2517; x_wconf 85' lang='lat' dir='ltr'><strong>ex</strong></span> <span class='ocrx_word' id='word_1_144' title='bbox 884 2438 1173 2533; x_wconf 74' lang='lat' dir='ltr'><strong>antecedentibus,</strong></span> 
     </span>
     <span class='ocr_line' id='line_1_19' title="bbox 94 2561 1176 2647; baseline 0.001 -25"><span class='ocrx_word' id='word_1_145' title='bbox 94 2643 96 2646; x_wconf 12' lang='lat' dir='ltr'>v</span> <span class='ocrx_word' id='word_1_146' title='bbox 181 2561 244 2622; x_wconf 88' lang='lat' dir='ltr'><strong>alia</strong></span> <span class='ocrx_word' id='word_1_147' title='bbox 269 2581 307 2629; x_wconf 85' lang='lat' dir='ltr'><strong>ex</strong></span> <span class='ocrx_word' id='word_1_148' title='bbox 329 2562 628 2644; x_wconf 85' lang='lat' dir='ltr'><strong>consequentibus,</strong></span> <span class='ocrx_word' id='word_1_149' title='bbox 660 2561 723 2624; x_wconf 87' lang='lat' dir='ltr'><strong>alia</strong></span> <span class='ocrx_word' id='word_1_150' title='bbox 749 2582 790 2624; x_wconf 90' lang='lat' dir='ltr'><strong>ex</strong></span> <span class='ocrx_word' id='word_1_151' title='bbox 806 2563 1081 2647; x_wconf 80' lang='lat' dir='ltr'><strong>repugnantibus,</strong></span> <span class='ocrx_word' id='word_1_152' title='bbox 1114 2561 1176 2623; x_wconf 86' lang='lat' dir='ltr'><strong>alia</strong></span> 
     </span>
     <span class='ocr_line' id='line_1_20' title="bbox 181 2667 1177 2754; baseline -0.001 -20"><span class='ocrx_word' id='word_1_153' title='bbox 181 2689 222 2734; x_wconf 83' lang='lat' dir='ltr'><strong>ex</strong></span> <span class='ocrx_word' id='word_1_154' title='bbox 247 2669 374 2748; x_wconf 85' lang='lat' dir='ltr'><strong>causis,</strong></span> <span class='ocrx_word' id='word_1_155' title='bbox 416 2669 479 2730; x_wconf 89' lang='lat' dir='ltr'><strong>alia</strong></span> <span class='ocrx_word' id='word_1_156' title='bbox 511 2691 552 2732; x_wconf 82' lang='lat' dir='ltr'><strong>ex</strong></span> <span class='ocrx_word' id='word_1_157' title='bbox 585 2669 728 2747; x_wconf 82' lang='lat' dir='ltr'><strong>effectis,</strong></span> <span class='ocrx_word' id='word_1_158' title='bbox 767 2667 831 2730; x_wconf 83' lang='lat' dir='ltr'><strong>aliu</strong></span> <span class='ocrx_word' id='word_1_159' title='bbox 863 2692 902 2733; x_wconf 83' lang='lat' dir='ltr'><strong>ex</strong></span> <span class='ocrx_word' id='word_1_160' title='bbox 933 2670 1177 2754; x_wconf 80' lang='lat' dir='ltr'><strong>comparatione</strong></span> 
     </span>
    </p>
   </div>
   <div class='ocr_carea' id='block_1_5' title="bbox 71 2774 1175 2871">
    <p class='ocr_par' dir='ltr' id='par_1_5' title="bbox 71 2774 1175 2871">
     <span class='ocr_line' id='line_1_21' title="bbox 71 2774 1175 2871; baseline -0.001 -30"><span class='ocrx_word' id='word_1_161' title='bbox 71 2774 93 2823; x_wconf 64' lang='lat'><strong>⁴,</strong></span> <span class='ocrx_word' id='word_1_162' title='bbox 181 2775 360 2871; x_wconf 79' lang='lat' dir='ltr'><strong>majorum,</strong></span> <span class='ocrx_word' id='word_1_163' title='bbox 391 2788 448 2841; x_wconf 90' lang='lat' dir='ltr'><strong>aut</strong></span> <span class='ocrx_word' id='word_1_164' title='bbox 473 2777 600 2861; x_wconf 85' lang='lat' dir='ltr'><strong>parium</strong></span> <span class='ocrx_word' id='word_1_165' title='bbox 626 2789 683 2853; x_wconf 83' lang='lat' dir='ltr'><strong>aut</strong></span> <span class='ocrx_word' id='word_1_166' title='bbox 701 2777 882 2862; x_wconf 90' lang='lat' dir='ltr'><strong>minorum]</strong></span> <span class='ocrx_word' id='word_1_167' title='bbox 901 2783 929 2858; x_wconf 74' lang='lat'><strong>⁴¹)</strong></span> <span class='ocrx_word' id='word_1_168' title='bbox 945 2787 983 2842; x_wconf 89' lang='lat' dir='ltr'><strong>ut</strong></span> <span class='ocrx_word' id='word_1_169' title='bbox 1007 2778 1175 2856; x_wconf 86' lang='lat' dir='ltr'><strong>definitio,</strong></span> 
     </span>
    </p>
   </div>
   <div class='ocr_carea' id='block_1_6' title="bbox 181 2883 1176 2969">
    <p class='ocr_par' dir='ltr' id='par_1_6' title="bbox 181 2883 1176 2969">
     <span class='ocr_line' id='line_1_22' title="bbox 181 2883 1176 2969; baseline 0.004 -23"><span class='ocrx_word' id='word_1_170' title='bbox 181 2897 219 2950; x_wconf 88' lang='lat' dir='ltr'><strong>ut</strong></span> <span class='ocrx_word' id='word_1_171' title='bbox 248 2885 469 2964; x_wconf 85' lang='lat' dir='ltr'><strong>contrarium,</strong></span> <span class='ocrx_word' id='word_1_172' title='bbox 502 2894 539 2946; x_wconf 89' lang='lat' dir='ltr'><strong>ut</strong></span> <span class='ocrx_word' id='word_1_173' title='bbox 570 2907 627 2964; x_wconf 85' lang='lat' dir='ltr'><strong>ea,</strong></span> <span class='ocrx_word' id='word_1_174' title='bbox 663 2907 746 2969; x_wconf 88' lang='lat' dir='ltr'><strong>quae</strong></span> <span class='ocrx_word' id='word_1_175' title='bbox 774 2893 853 2947; x_wconf 88' lang='lat' dir='ltr'><strong>suut</strong></span> <span class='ocrx_word' id='word_1_176' title='bbox 882 2883 944 2969; x_wconf 87' lang='lat' dir='ltr'><strong>ipsi</strong></span> <span class='ocrx_word' id='word_1_177' title='bbox 961 2887 1176 2953; x_wconf 75' lang='lat' dir='ltr'><strong>contrariare</strong></span> 
     </span>
    </p>
   </div>
   <div class='ocr_carea' id='block_1_7' title="bbox 67 2989 1176 3078">
    <p class='ocr_par' dir='ltr' id='par_1_7' title="bbox 67 2989 1176 3078">
     <span class='ocr_line' id='line_1_23' title="bbox 67 2989 1176 3078; baseline -0.001 -22"><span class='ocrx_word' id='word_1_178' title='bbox 67 3074 69 3078; x_wconf 13' lang='lat'><em>7</em></span> <span class='ocrx_word' id='word_1_179' title='bbox 182 2989 251 3076; x_wconf 84' lang='lat' dir='ltr'><strong>ejus</strong></span> <span class='ocrx_word' id='word_1_180' title='bbox 283 3005 340 3056; x_wconf 89' lang='lat' dir='ltr'><strong>aut</strong></span> <span class='ocrx_word' id='word_1_181' title='bbox 374 2993 511 3073; x_wconf 87' lang='lat' dir='ltr'><strong>similia,</strong></span> <span class='ocrx_word' id='word_1_182' title='bbox 541 3004 598 3055; x_wconf 89' lang='lat' dir='ltr'><strong>aut</strong></span> <span class='ocrx_word' id='word_1_183' title='bbox 626 2993 812 3070; x_wconf 87' lang='lat' dir='ltr'><strong>dissimilia,</strong></span> <span class='ocrx_word' id='word_1_184' title='bbox 844 3005 901 3056; x_wconf 85' lang='lat' dir='ltr'><strong>aut</strong></span> <span class='ocrx_word' id='word_1_185' title='bbox 934 3007 1176 3073; x_wconf 84' lang='lat' dir='ltr'><strong>consentanea,</strong></span> 
     </span>
    </p>
   </div>
   <div class='ocr_carea' id='block_1_8' title="bbox 105 3100 1178 3507">
    <p class='ocr_par' dir='ltr' id='par_1_8' title="bbox 105 3100 1178 3507">
     <span class='ocr_line' id='line_1_24' title="bbox 105 3100 1177 3186; baseline 0.001 -23"><span class='ocrx_word' id='word_1_186' title='bbox 105 3100 123 3128; x_wconf 88' lang='lat'><strong>&#39;&#39;</strong></span> <span class='ocrx_word' id='word_1_187' title='bbox 181 3110 239 3163; x_wconf 86' lang='lat' dir='ltr'><strong>aut</strong></span> <span class='ocrx_word' id='word_1_188' title='bbox 259 3101 483 3164; x_wconf 74' lang='lat' dir='ltr'><strong>dissentaneas</strong></span> <span class='ocrx_word' id='word_1_189' title='bbox 514 3111 551 3164; x_wconf 90' lang='lat' dir='ltr'><strong>ut</strong></span> <span class='ocrx_word' id='word_1_190' title='bbox 574 3123 632 3182; x_wconf 78' lang='lat' dir='ltr'><strong>ea,</strong></span> <span class='ocrx_word' id='word_1_191' title='bbox 664 3123 749 3185; x_wconf 89' lang='lat' dir='ltr'><strong>quae</strong></span> <span class='ocrx_word' id='word_1_192' title='bbox 769 3102 958 3185; x_wconf 82' lang='lat' dir='ltr'><strong>suntquasi</strong></span> <span class='ocrx_word' id='word_1_193' title='bbox 977 3101 1177 3186; x_wconf 83' lang='lat' dir='ltr'><strong>conjunctu,</strong></span> 
     </span>
     <span class='ocr_line' id='line_1_25' title="bbox 182 3209 1177 3293; baseline 0.002 -23"><span class='ocrx_word' id='word_1_194' title='bbox 182 3217 239 3270; x_wconf 85' lang='lat' dir='ltr'><strong>aut</strong></span> <span class='ocrx_word' id='word_1_195' title='bbox 273 3230 332 3286; x_wconf 86' lang='lat' dir='ltr'><strong>ea,</strong></span> <span class='ocrx_word' id='word_1_196' title='bbox 361 3230 445 3292; x_wconf 91' lang='lat' dir='ltr'><strong>quae</strong></span> <span class='ocrx_word' id='word_1_197' title='bbox 479 3218 557 3271; x_wconf 88' lang='lat' dir='ltr'><strong>sunt</strong></span> <span class='ocrx_word' id='word_1_198' title='bbox 590 3209 684 3293; x_wconf 88' lang='lat' dir='ltr'><strong>quasi</strong></span> <span class='ocrx_word' id='word_1_199' title='bbox 714 3209 891 3293; x_wconf 82' lang='lat' dir='ltr'><strong>pugnantia</strong></span> <span class='ocrx_word' id='word_1_200' title='bbox 920 3209 1008 3272; x_wconf 86' lang='lat' dir='ltr'><strong>inter</strong></span> <span class='ocrx_word' id='word_1_201' title='bbox 1038 3230 1090 3273; x_wconf 74' lang='lat' dir='ltr'><strong>sex</strong></span> <span class='ocrx_word' id='word_1_202' title='bbox 1123 3219 1177 3272; x_wconf 87' lang='lat' dir='ltr'><strong>aut</strong></span> 
     </span>
     <span class='ocr_line' id='line_1_26' title="bbox 167 3302 1177 3402; baseline 0 -23"><span class='ocrx_word' id='word_1_203' title='bbox 167 3302 294 3379; x_wconf 46' lang='lat' dir='ltr'><strong>‘&#39;earum</strong></span> <span class='ocrx_word' id='word_1_204' title='bbox 320 3336 450 3392; x_wconf 88' lang='lat' dir='ltr'><strong>rerum,</strong></span> <span class='ocrx_word' id='word_1_205' title='bbox 487 3315 527 3379; x_wconf 90' lang='lat' dir='ltr'><strong>de</strong></span> <span class='ocrx_word' id='word_1_206' title='bbox 553 3317 672 3399; x_wconf 89' lang='lat' dir='ltr'><strong>quibus</strong></span> <span class='ocrx_word' id='word_1_207' title='bbox 700 3316 828 3402; x_wconf 87' lang='lat' dir='ltr'><strong>agitur,</strong></span> <span class='ocrx_word' id='word_1_208' title='bbox 859 3338 991 3380; x_wconf 80' lang='lat' dir='ltr'><strong>causae:</strong></span> <span class='ocrx_word' id='word_1_209' title='bbox 1020 3327 1080 3378; x_wconf 92' lang='lat' dir='ltr'><strong>aut</strong></span> <span class='ocrx_word' id='word_1_210' title='bbox 1100 3340 1177 3381; x_wconf 89' lang='lat' dir='ltr'><strong>cau·</strong></span> 
     </span>
     <span class='ocr_line' id='line_1_27' title="bbox 183 3405 1178 3507; baseline 0.001 -22"><span class='ocrx_word' id='word_1_211' title='bbox 183 3446 291 3485; x_wconf 82' lang='lat' dir='ltr'><strong>aarum</strong></span> <span class='ocrx_word' id='word_1_212' title='bbox 311 3405 466 3500; x_wconf 85' lang='lat' dir='ltr'><strong>eventus,</strong></span> <span class='ocrx_word' id='word_1_213' title='bbox 495 3423 529 3483; x_wconf 92' lang='lat' dir='ltr'><strong>id</strong></span> <span class='ocrx_word' id='word_1_214' title='bbox 550 3435 619 3502; x_wconf 91' lang='lat' dir='ltr'><strong>est,</strong></span> <span class='ocrx_word' id='word_1_215' title='bbox 653 3446 736 3507; x_wconf 89' lang='lat' dir='ltr'><strong>quae</strong></span> <span class='ocrx_word' id='word_1_216' title='bbox 757 3434 835 3486; x_wconf 87' lang='lat' dir='ltr'><strong>sunt</strong></span> <span class='ocrx_word' id='word_1_217' title='bbox 853 3425 966 3488; x_wconf 84' lang='lat' dir='ltr'><strong>effecta</strong></span> <span class='ocrx_word' id='word_1_218' title='bbox 990 3425 1178 3504; x_wconf 85' lang='lat' dir='ltr'><strong>decausis,</strong></span> 
     </span>
    </p>
   </div>
   <div class='ocr_carea' id='block_1_9' title="bbox 184 3531 1177 3619">
    <p class='ocr_par' dir='ltr' id='par_1_9' title="bbox 184 3531 1177 3619">
     <span class='ocr_line' id='line_1_28' title="bbox 184 3531 1177 3619; baseline 0.003 -29"><span class='ocrx_word' id='word_1_219' title='bbox 184 3539 221 3592; x_wconf 88' lang='lat' dir='ltr'><strong>ut</strong></span> <span class='ocrx_word' id='word_1_220' title='bbox 244 3531 510 3611; x_wconf 87' lang='lat' dir='ltr'><strong>distributiones,</strong></span> <span class='ocrx_word' id='word_1_221' title='bbox 544 3541 581 3593; x_wconf 86' lang='lat' dir='ltr'><strong>ut</strong></span> <span class='ocrx_word' id='word_1_222' title='bbox 598 3552 715 3615; x_wconf 82' lang='lat' dir='ltr'><strong>genera</strong></span> <span class='ocrx_word' id='word_1_223' title='bbox 732 3533 873 3619; x_wconf 86' lang='lat' dir='ltr'><strong>partium</strong></span> <span class='ocrx_word' id='word_1_224' title='bbox 891 3554 1086 3617; x_wconf 85' lang='lat' dir='ltr'><strong>generumve</strong></span> <span class='ocrx_word' id='word_1_225' title='bbox 1105 3553 1177 3618; x_wconf 85' lang='lat' dir='ltr'><strong>par-</strong></span> 
     </span>
    </p>
   </div>
   <div class='ocr_carea' id='block_1_10' title="bbox 187 3698 554 3716">
    <p class='ocr_par' dir='ltr' id='par_1_10' title="bbox 187 3698 554 3716">
     <span class='ocr_line' id='line_1_29' title="bbox 187 3698 554 3716; baseline 0 0"><span class='ocrx_word' id='word_1_226' title='bbox 187 3698 554 3716; x_wconf 50' lang='lat' dir='ltr'><strong>*m</strong></span> 
     </span>
    </p>
   </div>
   <div class='ocr_carea' id='block_1_11' title="bbox 229 3749 1177 3956">
    <p class='ocr_par' dir='ltr' id='par_1_11' title="bbox 229 3749 1177 3956">
     <span class='ocr_line' id='line_1_30' title="bbox 229 3749 1177 3859; baseline 0.007 -23"><span class='ocrx_word' id='word_1_227' title='bbox 229 3780 256 3855; x_wconf 78' lang='lat'><strong>⁸)</strong></span> <span class='ocrx_word' id='word_1_228' title='bbox 273 3784 352 3856; x_wconf 81' lang='lat' dir='ltr'><strong>Quae</strong></span> <span class='ocrx_word' id='word_1_229' title='bbox 380 3785 426 3840; x_wconf 89' lang='lat' dir='ltr'><strong>bic</strong></span> <span class='ocrx_word' id='word_1_230' title='bbox 445 3749 611 3859; x_wconf 76' lang='lat' dir='ltr'><strong>parenthesi¹</strong></span> <span class='ocrx_word' id='word_1_231' title='bbox 622 3787 731 3855; x_wconf 79' lang='lat' dir='ltr'><strong>inclusa</strong></span> <span class='ocrx_word' id='word_1_232' title='bbox 750 3796 832 3854; x_wconf 80' lang='lat' dir='ltr'><strong>suut,</strong></span> <span class='ocrx_word' id='word_1_233' title='bbox 860 3787 1009 3842; x_wconf 79' lang='lat' dir='ltr'><strong>Lambinus</strong></span> <span class='ocrx_word' id='word_1_234' title='bbox 1026 3795 1057 3843; x_wconf 87' lang='lat' dir='ltr'><strong>et</strong></span> <span class='ocrx_word' id='word_1_235' title='bbox 1072 3789 1177 3847; x_wconf 74' lang='lat' dir='ltr'><strong>Ernesti</strong></span> 
     </span>
     <span class='ocr_line' id='line_1_31' title="bbox 271 3881 1177 3956; baseline 0.009 -26"><span class='ocrx_word' id='word_1_236' title='bbox 271 3881 382 3933; x_wconf 88' lang='lat' dir='ltr'><strong>omnino</strong></span> <span class='ocrx_word' id='word_1_237' title='bbox 403 3882 527 3936; x_wconf 89' lang='lat' dir='ltr'><strong>tollenda</strong></span> <span class='ocrx_word' id='word_1_238' title='bbox 546 3893 660 3954; x_wconf 86' lang='lat' dir='ltr'><strong>putant,</strong></span> <span class='ocrx_word' id='word_1_239' title='bbox 686 3894 719 3938; x_wconf 93' lang='lat' dir='ltr'><strong>ut</strong></span> <span class='ocrx_word' id='word_1_240' title='bbox 737 3901 906 3956; x_wconf 87' lang='lat' dir='ltr'><strong>supervacua</strong></span> <span class='ocrx_word' id='word_1_241' title='bbox 921 3894 950 3938; x_wconf 82' lang='lat' dir='ltr'><strong>et</strong></span> <span class='ocrx_word' id='word_1_242' title='bbox 967 3901 982 3937; x_wconf 84' lang='lat' dir='ltr'><strong>e</strong></span> <span class='ocrx_word' id='word_1_243' title='bbox 998 3885 1110 3956; x_wconf 83' lang='lat' dir='ltr'><strong>Topicis</strong></span> <span class='ocrx_word' id='word_1_244' title='bbox 1125 3885 1177 3938; x_wconf 80' lang='lat' dir='ltr'><strong>but</strong></span> 
     </span>
    </p>
   </div>
   <div class='ocr_carea' id='block_1_12' title="bbox 270 3974 1177 4123">
    <p class='ocr_par' dir='ltr' id='par_1_12' title="bbox 270 3974 1177 4123">
     <span class='ocr_line' id='line_1_32' title="bbox 270 3974 1177 4054; baseline 0.009 -28"><span class='ocrx_word' id='word_1_245' title='bbox 270 3974 417 4045; x_wconf 55' lang='lat' dir='ltr'><strong>translatu</strong></span> <span class='ocrx_word' id='word_1_246' title='bbox 445 3995 560 4051; x_wconf 83' lang='lat' dir='ltr'><strong>quorum</strong></span> <span class='ocrx_word' id='word_1_247' title='bbox 581 3978 695 4054; x_wconf 84' lang='lat' dir='ltr'><strong>quidem</strong></span> <span class='ocrx_word' id='word_1_248' title='bbox 715 3981 852 4037; x_wconf 80' lang='lat' dir='ltr'><strong>scatentia</strong></span> <span class='ocrx_word' id='word_1_249' title='bbox 872 3979 918 4037; x_wconf 78' lang='lat' dir='ltr'><strong>rix</strong></span> <span class='ocrx_word' id='word_1_250' title='bbox 938 3979 1120 4054; x_wconf 78' lang='lat' dir='ltr'><strong>improbanda</strong></span> <span class='ocrx_word' id='word_1_251' title='bbox 1142 3981 1177 4036; x_wconf 77' lang='lat' dir='ltr'><strong>ri-</strong></span> 
     </span>
     <span class='ocr_line' id='line_1_33' title="bbox 273 4066 363 4123; baseline 0.022 -2"><span class='ocrx_word' id='word_1_252' title='bbox 273 4066 363 4123; x_wconf 82' lang='lat' dir='ltr'><strong>detur.</strong></span> 
     </span>
    </p>
   </div>
   <div class='ocr_carea' id='block_1_13' title="bbox 0 0 1317 4800">
    <p class='ocr_par' dir='ltr' id='par_1_13' title="bbox 0 0 1317 4800">
     <span class='ocr_line' id='line_1_34' title="bbox 0 0 1317 4800; baseline 0 0"><span class='ocrx_word' id='word_1_253' title='bbox 0 0 1317 4800; x_wconf 95' lang='lat' dir='ltr'><strong> </strong></span> 
     </span>
    </p>
   </div>
  </div>
 </body>
</html>
