2610 4800
505 372 511 383 ·
602 325 687 451 ιιό

204 472 212 505 Ι

121 615 129 627 1
205 577 255 640 Οό
275 576 376 659 μόνον
394 577 430 665 δέ
444 577 490 636 τὰ
507 574 662 659 ὀνόματα
677 584 751 648 τοῖς
771 575 938 657 ὀνόμασιν
957 576 1143 653 ἐπιτηδείως

147 687 381 768 συνηρμόσθαι
408 684 566 766 βούλεται
585 683 642 743 καὶ
660 683 882 759 συνεξέσθαι,
913 664 1007 745 ἀλλὰ
1028 686 1091 746 καὶ
1106 686 1144 749 τδ

145 794 236 856 κάλα
250 802 322 864 τοῖς
344 791 459 864 κάλοις
479 791 708 878 συνυφάνθαι,
730 790 789 852 καὶ
802 794 919 854 πάντα
932 793 979 864 είς
992 793 1156 875 περιόδουΙ

145 890 329 980 τελευτᾷν,
360 899 465 959 κόλου
489 921 528 960 τε
555 900 670 979 μῆκος,
700 896 779 981 δμὴ
802 899 1008 982 βραχύτερον
1034 901 1146 979 ἔσται,

147 1006 226 1088 μηδὲ
248 1007 377 1087 μεῖζον,
409 1011 471 1066 τοῦ
489 1007 645 1093 μετρίαρ,
675 1005 733 1067 καὶ
755 1006 910 1090 περιόδων
937 1007 1086 1089 χρόνον,
1115 1004 1147 1071 οδ

146 1117 277 1194 πνεῦμα
290 1115 419 1176 τέλειον
438 1113 554 1193 ἀνδρὸς
571 1090 745 1194 κρατήσων
779 1114 958 1196 άπεριόδον
981 1113 1020 1174 δὲ
1043 1114 1148 1193 λέξιν,

146 1221 167 1295 ἢ
188 1220 344 1302 περιόδων
369 1205 569 1294 ἀκώλιστον,
597 1219 618 1292 ἢ
640 1220 743 1281 κῶλον
769 1220 995 1303 ἀσύμμετρον,
1026 1222 1091 1283 οὐκ
1113 1220 1148 1285 ὧν

146 1326 323 1409 ὑπομένειν
340 1327 565 1416 ἐργάσασθαι.
606 1329 729 1408 χρῆται
747 1325 856 1386 δὲκαὶ
874 1327 1009 1409 ῥυθμῶν
1024 1329 1066 1390 οὗ
1084 1338 1149 1402 τοῖς

148 1431 340 1516 μηκίστοις,
362 1434 450 1494 ἀλλὰ
469 1443 541 1506 τοῖς
562 1431 674 1514 μέσοίς
696 1454 734 1494 τε
755 1430 812 1492 καὶ
831 1433 1067 1516 βραχυτέροις·
1099 1435 1150 1497 καὶ

57 1618 62 1629 ⁹
147 1546 215 1604 τόν
236 1541 398 1624 περιόδων
415 1540 478 1614 τὰς
498 1540 659 1612 τελευτὰς
681 1541 862 1624 εόρόθμους
885 1541 971 1603 εἶναι
991 1543 1152 1623 βούλεται

61 1658 64 1663 ’
148 1647 206 1708 καὶ
229 1646 420 1730 βεβηκυίας,
452 1648 491 1721 ὡς
512 1648 578 1711 ἀπὸ
606 1647 771 1730 στάθμης.
813 1647 984 1711 τάναντία
1003 1656 1152 1713 ποιοῦσα

149 1755 184 1818 έν
198 1766 274 1828 ταῖς
287 1756 416 1817 τούτων
432 1755 602 1837 ἁρμογαῖς,
624 1754 644 1828 ἢ
658 1765 735 1827 ταῖς
750 1761 816 1816 τόν
833 1753 1018 1837 ὀνομάτων.
1041 1757 1152 1821 ἐκεῖνα

72 1844 74 1848 ’
149 1864 288 1947 μὲνγὰρ
310 1838 530 1944 συναλείφει,
561 1861 691 1936 ταότας
710 1860 938 1939 δὲδιίστησι,
970 1862 1031 1926 καὶ
1050 1865 1152 1950 ὥςπερ

150 1969 186 2030 ἐκ
204 1969 386 2051 περιόπτου
405 1970 562 2051 βούλεται
582 1970 730 2054 φανερὰς
752 1969 850 2031 εἶναι.
895 1969 1048 2053 σχήμασί
1065 1972 1099 2033 τ’
1116 1972 1152 2035 οδ

139 2087 222 2155 ,τοῖς
241 2074 631 2161 άρχαιωπρεπεστάτοις,
662 2077 729 2138 οὐδ’
750 2076 842 2151 όσοις
860 2075 880 2150 ἢ
900 2081 1064 2160 σεμνότης
1083 2100 1153 2157 τις,

148 2185 169 2258 ἢ
187 2185 306 2268 βάρος,
327 2185 347 2257 η“
363 2194 459 2261 πῖνος
476 2186 681 2269 πρόσεστιν,
702 2184 789 2245 ἀλλὰ
809 2196 881 2258 τοῖς
900 2196 1081 2270 τρυφεροῖς
1095 2184 1151 2247 καλ

107 2362 111 2368 ,
151 2291 316 2371 μαλακοῖς
345 2292 384 2363 ὡς
409 2295 456 2353 τὰ
478 2290 590 2352 πολλοὶ
612 2294 761 2375 χρῆσθαι
788 2294 890 2374 φιλεῖ.
934 2293 967 2358 ἐν
991 2292 1042 2366 οἷς
1064 2293 1150 2358 πολὺ

151 2397 193 2460 τὸ
215 2396 390 2471 ἀπατηλόν
413 2399 489 2458 ἐστι
512 2399 569 2458 καὶ
588 2390 779 2482 θεατρικόν.
821 2398 880 2462 ’ίνα
900 2399 936 2460 δὲ
959 2400 1150 2481 κοινότερον

153 2505 253 2579 ε’ίπω,
282 2504 483 2568 τοόναντίον
507 2505 577 2588 ἔχει
597 2509 710 2589 σχῆμα
728 2512 769 2587 τῇ
793 2507 938 2591 προτέρᾳ
955 2507 1049 2567 κατὰ
1065 2506 1151 2591 μέγι·
1187 2572 1189 2585 Ι

153 2632 233 2672 στα.
274 2611 353 2696 ὑπὲρ
375 2609 417 2675 ὦν
437 2613 531 2674 οὐδὲν
553 2612 672 2695 δέομαι
688 2612 793 2675 πάλιν
815 2612 934 2694 λέγειν.

215 2716 419 2783 Ἀκόλουθον
442 2718 469 2779 δ’
484 2720 526 2783 άν
547 2719 594 2793 ε’ίη
613 2718 671 2781 καὶ
689 2721 767 2793 τοὺς
784 2720 819 2783 ἐν
840 2721 924 2803 αὐτῇ
941 2720 1150 2804 πρωτεάσαν·

152 2847 215 2899 τας
242 2827 581 2910 καταριθμήσασθαι.
625 2827 796 2889 ἐποποιόν
818 2827 875 2907 μὲν
896 2824 953 2890 οόν
979 2810 1078 2908 ἔγωγε
1096 2825 1152 2909 μά·

152 2934 260 2997 λιστα
276 2934 397 3016 νομίζω
413 2935 550 2999 τουτονὶ
566 2937 628 2998 τὸν
646 2937 842 3020 χαρακτῆρα
859 2935 1153 3017 έπεξεργάσασθαι

151 3040 327 3106 Ἡσίοδον·
347 3043 530 3127 μελοποιῶν
542 3043 578 3104 δέ
588 3044 729 3128 Σαπφὼ,
745 3044 802 3104 καὶ
818 3045 903 3125 μετὰ
917 3043 1046 3117 ταύτην
1059 3022 1154 3109 ’Ava-

153 3148 295 3230 κρέοντά
318 3171 358 3211 τε
385 3150 442 3212 καὶ
468 3151 669 3234 Σιμωνίδην·
708 3149 963 3232 τραγῳδοποιῶν
988 3149 1024 3211 δὲ
1051 3154 1154 3234 μόνον

154 3255 353 3337 Εὐριπίδην·
376 3259 590 3341 συγγραφέων
605 3257 633 3339 δ’
649 3257 786 3340 ἀκριβῶς
801 3258 859 3339 μὲν
873 3258 1003 3333 οόδένα,
1026 3260 1156 3340 μᾶλλον

86 3374 89 3379 ’
155 3360 191 3423 δὲ
215 3368 282 3424 τόν
306 3363 437 3427 πολλῶν
452 3363 599 3446 Ἔφορόν
617 3385 657 3425 τε
680 3366 737 3425 καὶ
760 3367 977 3448 Θεοπόμπον·
1007 3366 1157 3451 ῥητόρων

154 3466 186 3528 τ’
200 3468 409 3554 Ἰσοκράτην·
429 3503 471 3516 -

218 3571 260 3637 Ἡ
286 3574 321 3636 δὲ
344 3575 441 3661 τρίτη
469 3575 527 3637 καὶ
552 3577 634 3659 μέση
658 3583 725 3642 τῶν
749 3578 920 3661 εἰρημένων
940 3577 1033 3642 δυοῖν
1057 3578 1161 3664 ἁρμό·

156 3681 255 3753 νιάν,
274 3681 311 3754 ἣν
327 3683 438 3756 κοινὴν
456 3684 547 3746 καλοῖ
556 3728 566 3760 ,
595 3684 719 3747 σπάνει
740 3707 779 3744 τε
800 3684 910 3768 κυρίου
935 3685 993 3746 καὶ
1010 3688 1160 3769 κρείττω·

158 3807 216 3860 νος
232 3785 406 3867 ὀνόματος,
428 3793 542 3872 σχῆμα
558 3792 616 3873 μὲν
631 3791 718 3853 ἴδιον
737 3792 832 3852 οὐδὲν
854 3793 932 3875 ἔχει,
953 3792 1162 3876 κεκέρασται

160 3891 197 3953 δὲ
218 3895 285 3962 πῶς
302 3890 333 3963 ἐξ
355 3892 483 3958 ἐκείνων
502 3898 655 3978 μετρίως,
688 3898 745 3954 καῖ
771 3894 863 3962 ἔστιν
883 3898 997 3981 ἐκλογή
1017 3923 1071 3972 τις
1091 3908 1162 3965 τῶν

162 4001 196 4065 ἐν
218 3996 360 4081 ἑκατέρᾳ
381 3999 580 4081 κρατίστων.
621 4002 705 4073 αὕτη
732 4001 823 4063 δοκεῖ
850 4028 906 4088 μοι
934 4008 980 4068 τὰ
1008 4018 1164 4091 πρωτεῖα
