2610 4800
645 429 725 507 sss
772 522 778 541 „

147 701 151 707 ,
178 652 258 697 mus
284 629 478 716 exemplum.
530 629 598 693 Nec
623 650 760 706 vereor,
797 650 841 693 ne
866 629 978 693 videar
1004 650 1187 716 repugnare

178 738 364 814 Ciceroni‚'
385 759 586 823 quamquam
608 740 846 801 collocationem
868 744 996 821 sepiret
1018 740 1058 800 ub
1080 762 1189 804 exem-

178 850 239 939 plo
251 849 290 926 *).
311 881 354 899 -
374 883 418 895 -
458 847 634 908 Exsuruuu
653 845 766 909 estrei
784 856 911 930 gestae,
932 857 990 910 aut
1006 857 1044 910 ut
1063 859 1189 930 gestus,

178 957 277 1021 utilis
300 954 341 1016 ad
357 953 622 1041 persuadendum
642 954 694 1032 id,
717 954 807 1038 quod
829 954 1028 1031 intenderis,
1050 976 1190 1021 conume-

180 1063 332 1129 moretio.
376 1064 575 1126 Intuendum
597 1063 716 1146 igitur,
737 1071 844 1125 totum
868 1062 975 1124 simile
999 1064 1061 1140 sit,
1084 1086 1124 1124 sn
1149 1086 1190 1127 ex

179 1181 297 1259 purt03
322 1181 360 1233 ut
382 1170 571 1231 autumnis
593 1191 688 1237 exeo
708 1191 886 1247 sumamus,
911 1180 967 1231 aut
989 1193 1072 1252 quse
1093 1172 1190 1233 utilia

181 1287 293 1345 eruut.
335 1277 447 1347 Simile
466 1287 530 1341 ests
559 1281 635 1340 lure
653 1281 775 1348 occisus
800 1293 846 1341 est
869 1280 1078 1351 Saturninus,
1108 1281 1191 1343 sicut

182 1389 325 1451 Gracchi
331 1414 343 1459 ;
365 1384 537 1448 dissimile:
560 1387 675 1448 Brutus
699 1387 818 1448 occidit
838 1388 953 1448 liberos
971 1387 1190 1472 proditionem

180 1497 346 1558 molientes
353 1521 365 1565 ;
386 1496 528 1556 llanlius
546 1496 692 1556 virtutem
713 1495 891 1580 mortefilii
909 1497 1058 1555 multavit.
1102 1498 1191 1556 Cou-

180 1603 337 1667 truriums
359 1605 529 1664 illarcellns
554 1616 736 1664 ornamenta
754 1604 962 1682 Syracusanis
982 1606 1121 1667 hostibus
1143 1625 1192 1666 re·

180 1712 302 1787 stitui25
317 1711 361 1793 ‚V
356 1731 440 1773 erres
461 1710 571 1771 endem
590 1712 686 1771 sociis
707 1711 841 1775 abstulit.
863 1743 905 1759 -
948 1711 1055 1772 Etiam
1076 1712 1109 1773 iu
1132 1712 1189 1791 iis,

182 1830 271 1903 quse
291 1819 405 1887 futuru
428 1817 593 1896 dicemus,
625 1817 717 1879 utilis
741 1817 897 1879 similium
921 1818 1101 1881 admonitio
1125 1828 1189 1882 ests

181 1938 239 2002 ut,
263 1924 388 2009 siquis
412 1926 544 2003 dicens,
569 1925 757 2005 Dionysium
777 1926 900 1988 ideirco
920 1943 1025 2013 petere
1047 1928 1192 1993 custodes

181 2035 296 2098 salutis
310 2054 406 2107 suae,
429 2048 481 2106 ut,
502 2055 609 2096 eorum
632 2035 758 2095 adiutus
781 2036 876 2096 ornris
884 2080 897 2108 ,
919 2036 1117 2114 tyrannidem
1136 2057 1192 2098 oc·

184 2155 299 2229 crepet,
320 2139 383 2203 hou
404 2143 524 2203 referat
544 2141 744 2224 exemplum,
767 2142 875 2205 eodem
898 2145 1020 2205 ratione
1038 2146 1212 2244 Pisistra·¹⁸

177 2265 254 2338 ¹tum
278 2246 322 2325 od
341 2248 589 2335 dominationem
606 2254 794 2337 pervenisse.
837 2251 901 2313 Sed
922 2261 959 2313 ut
981 2261 1061 2313 sunt
1082 2274 1193 2315 exem-

184 2358 243 2443 pla
258 2357 390 2419 interim
407 2367 475 2420 tota
491 2358 624 2436 similis,
645 2370 681 2420 ut
699 2358 762 2421 hoc
773 2360 972 2442 proximum
994 2361 1042 2422 sic
1058 2359 1193 2423 iuterim

185 2487 229 2546 en
247 2438 422 2550 majoribus
443 2465 485 2527 ud
505 2466 650 2540 minora,
673 2488 712 2528 ex
730 2467 912 2528 minoribus
932 2468 972 2529 ud
994 2467 1115 2550 mujoru
1135 2469 1194 2531 du·

137 2590 140 2595 ’
185 2582 321 2641 cuntur.
363 2576 498 2658 Propter
511 2577 713 2636 matrimonio
728 2577 850 2635 violata
865 2577 955 2637 urbes
970 2596 1092 2637 eversae
1105 2589 1193 2652 stant,

184 2680 354 2768 quidfieri
363 2681 511 2742 -aduttero
531 2703 594 2766 par
611 2685 680 2744 cst?
703 2683 862 2755 Tibbines
884 2706 955 2745 cum
972 2684 1011 2744 ab
1030 2686 1105 2747 urbe
1122 2685 1193 2745 dis-

135 2840 142 2852 .
185 2792 365 2862 cessissent,
384 2789 508 2873 publice
528 2793 666 2850 revocati
685 2776 841 2865 sicut'**),·
864 2797 1090 2876 quantomagis
1104 2796 1194 2880 prin·

186 2901 274 2982 cipes
295 2900 428 2961 ciuitatis
452 2898 519 2959 oiri
527 2945 540 2972 ,
563 2913 593 2961 et
615 2901 690 2965 bene
711 2902 752 2962 de
770 2903 931 2986 republica
953 2905 1076 2975 meriti,
1097 2925 1194 2988 qurum
1260 2951 1267 2959 ,

185 3007 330 3071 invidiae
346 3006 514 3079 cesserint,
536 3009 574 3068 ab
590 3011 690 3071 exilio
709 3011 904 3071 reducendi?
926 3010 977 3071 Au
997 3012 1195 3073 exuorutio-

158 3154 164 3171 .
186 3136 266 3176 nem
289 3136 366 3177 vero
387 3116 563 3199 praecipue
584 3116 696 3178 valent
717 3117 862 3200 imparia.
904 3119 1137 3181 Admirabilior
1156 3119 1192 3181 iu

182 3230 340 3308 femiuu‚·
360 3252 458 3312 quam
475 3232 509 3291 in
528 3231 618 3308 siro,
641 3232 758 3294 virtus.
810 3236 919 3311 Quare
946 3232 972 3293 si
994 3234 1035 3295 ud
1061 3234 1193 3321 sortiter

181 3337 375 3400 faciendum
398 3338 598 3400 accendatur
620 3339 739 3422 uliquis
752 3383 761 3416 ,
804 3350 869 3401 sion
890 3350 1019 3403 tuntum
1045 3341 1193 3403 adferent

183 3446 349 3507 momenti
363 3447 516 3528 Horatius
535 3456 567 3508 et
582 3449 789 3529 Torqustus,
813 3457 972 3531 quantum
993 3447 1048 3506 iila
1064 3449 1192 3526 mulier,

184 3553 399 3634 cujus-mauu
415 3553 558 3636 Pyrrhus
576 3565 626 3616 est
644 3554 853 3628 interiectum
881 3566 912 3616 et
929 3556 968 3614 ud
986 3556 1192 3617 moriendum

183 3680 257 3722 non
276 3668 342 3720 tam
363 3661 445 3721 cato
462 3671 497 3722 et
513 3661 642 3744 Scipio,
668 3684 765 3743 quum
784 3662 952 3723 Lucretia:
978 3664 1066 3743 quod
1086 3664 1192 3744 ipsum

182 3779 241 3832 est
256 3758 295 3831 e'x
310 3766 486 3852 majoribus
504 3769 545 3830 ad
560 3769 688 3830 minora
701 3769 823 3847 ***).···
835 3808 873 3818 -
883 3807 925 3817 -
944 3772 1107 3834 Dissimile
1123 3773 1194 3856 plu·

176 3914 530 3931 m

217 3999 234 4026 ¹*
277 4003 393 4064 Cicero,
413 4003 476 4056 loco
491 4003 573 4057 modo
589 4004 701 4056 laudato
717 4001 767 4077 (de
783 4005 838 4057 inv.
856 4003 879 4058 1.
895 4002 958 4075 30.)

204 4000 250 4166 ”i
277 4097 317 4150 cs.
332 4098 392 4153 tio.
409 4099 454 4150 lx.
476 4101 518 4157 30.
556 4103 590 4153 u.
612 4099 671 4152 uo.
686 4102 764 4153 Max.
783 4102 819 4152 11.
840 4103 873 4166 5,
893 4090 925 4169 ts

186 4189 259 4263 ”*)¹
276 4191 379 4264 Regius
396 4194 528 4252 mutavit:
547 4212 581 4250 es
599 4195 753 4249 minoribus
771 4191 811 4248 od
821 4197 940 4270 majora.
957 4225 988 4237 -
1024 4196 1067 4250 Dc
1082 4194 1195 4250 Horatio
