2610 4800
6 620 52 685 ¹5¹·
100 652 235 699 Μαι.
261 632 300 697 ln
316 654 355 697 ea
370 630 528 717 qnic'qoid
544 631 687 695 notabile
701 640 763 710 est,
784 630 893 692 animo
903 628 1079 715 diligenter

40 735 55 795 ἓ
99 740 234 827 affigitur,
267 750 305 803 nt
333 741 405 804 sine
432 742 648 803 cunctatione
676 761 715 802 ac
744 760 834 801 mora
867 750 973 823 partes
1005 738 1077 825 eju!

7 846 46 891 ‘²'
95 870 188 913 onnes
222 850 380 933 cogitatio
409 850 512 931 possit
542 868 744 931 percurrere.
796 847 839 907 Et
866 849 989 930 primus
1021 846 1077 911 hic

9 972 23 1001 ⁴
90 954 169 1019 labor
183 968 255 1032 est,
280 978 346 1017 non
373 956 506 1018 bnerere
528 956 560 1014 in
581 974 733 1015 occursu.
776 954 855 1016 Plus
876 956 963 1017 enim
979 976 1077 1038 qnam

7 1080 22 1119 ὃ
88 1062 167 1125 lma
196 1062 292 1126 debet
325 1084 396 1124 vase
434 1062 608 1138 memoria,
648 1083 731 1143 quae
762 1060 858 1121 aliam
887 1062 1077 1124 memoriam

84 1168 217 1255 adjuvet.
257 1171 344 1232 Tum
364 1190 448 1254 quac
471 1167 676 1251 scripserunt
695 1167 746 1229 vel
770 1170 969 1251 cogitatione
989 1188 1077 1231 com·

81 1278 282 1363 plectuntur,
305 1288 339 1341 et
355 1276 464 1359 aliquo
483 1278 594 1359 signo,
618 1297 683 1359 quo
702 1285 916 1353 moneantur,
940 1283 1074 1337 notante

80 1384 161 1469 qnod
180 1406 252 1447 esse
273 1384 325 1447 vel
351 1404 390 1447 ex
412 1406 448 1447 re
468 1392 537 1448 tota
556 1394 683 1467 potest,
717 1392 754 1445 ut
778 1382 818 1445 dc
838 1384 1074 1467 ‚navigatione‚

79 1492 209 1567 militia,
233 1490 285 1555 vel
303 1514 342 1553 cx
361 1492 460 1555 verbo
479 1491 602 1574 aliquo.
643 1493 726 1553 Num
748 1490 844 1554 etiam
862 1472 1074 1571 excidentes,

79 1600 172 1663 anius
200 1598 424 1663 admonitione
454 1600 546 1663 verbi
577 1598 610 1660 in
639 1600 828 1661 memoriam
857 1607 1075 1684 reponuntor.

78 1706 122 1771 Sit
141 1718 250 1770 antem
270 1703 400 1791 signum
423 1707 662 1791 navigationis,
693 1720 730 1771 ut
749 1729 889 1781 ancoru;
914 1706 1073 1786 militiae,

9 1870 20 1883 ‚
79 1824 112 1877 nt
138 1814 262 1899 aliquid
291 1836 331 1879 ex
367 1814 476 1875 armis.
529 1814 616 1877 Haec
649 1815 693 1875 ita
724 1815 884 1897 digerunt.
927 1815 1075 1878 Primum

9 1966 23 1999 ἱ
78 1942 201 1987 msam
230 1922 393 1985 vestibulo
416 1921 510 2005 quusi
535 1921 726 2005 assignant,
761 1922 942 1985 secundum
966 1922 1086 2003 atrii·

19 2068 32 2107 ς
77 2038 139 2093 tam
162 2030 320 2115 impluvia
348 2031 575 2107 circumeunt,
610 2052 670 2091 nec
704 2031 866 2093 cubiculis
892 2030 989 2091 modo
1015 2039 1073 2094 ant

10 2180 33 2213 ῃ
76 2136 213 2215 exedris,
247 2136 305 2201 sed
331 2138 449 2199 statuis
479 2139 578 2201 etiam
597 2138 823 2221 similibusque
846 2160 903 2222 per
922 2136 1073 2199 ordinem

12 2266 15 2271 ·
61 2244 290 2309 ¹committant.
333 2246 403 2305 Hoc
426 2246 539 2319 facto,
578 2268 679 2329 quum
708 2257 759 2310 est
791 2245 968 2329 repetenda
1003 2266 1073 2309 me·

10 2368 26 2421 ,Γ
71 2352 192 2429 noma,
222 2352 387 2438 incipiunt
408 2353 447 2415 ab
474 2352 569 2413 initio
590 2352 661 2415 loca
685 2355 764 2419 baec
785 2375 980 2431 recensere,
1016 2361 1072 2431 et,

70 2458 153 2545 qnod
175 2458 297 2544 cuique
317 2458 547 2538 crediderunt,
578 2472 777 2543 reposcunt,
807 2474 974 2525 uteorum
995 2460 1074 2522 ima·

65 2566 139 2653 gine
154 2566 396 2632 admonentur=
426 2567 472 2629 itu
497 2568 676 2652 quamlibet
696 2570 797 2629 multa
820 2571 907 2647 sint,
930 2590 1072 2651 quornm

62 2675 257 2741 neminisse
283 2685 452 2760 oporteat,
482 2676 567 2737 siunt
594 2677 721 2760 singula
748 2697 894 2738 connexa
928 2677 1072 2758 quodam

60 2784 188 2862 οΙιοτο,
223 2805 265 2847 ne
294 2797 405 2848 errent
438 2784 676 2869 conjungentes
708 2785 869 2868 prioribus
897 2762 1070 2868 sequentia

11 2968 14 2989 Ι
56 2892 133 2957 tolo
170 2890 340 2954 ediscendi
374 2892 494 2954 labore.
537 2893 634 2973 Quod
667 2893 827 2956 dedomo
855 2893 945 2970 dixi,
974 2903 1006 2956 et
1032 2892 1069 2956 in

11 2996 15 3007 '
52 3000 220 3085 operibns
246 3000 407 3083 publicis,
439 3012 473 3063 et
507 3000 541 3063 in
571 3001 691 3065 itinere
723 3001 840 3085 lungo,
871 3012 908 3062 ut
937 3003 1070 3064 urbium

49 3108 212 3185 ambitu,
241 3116 276 3171 et
296 3109 459 3192 picturis,
493 3109 563 3171 lieri
584 3119 703 3192 potest.
744 3111 852 3171 Etiam
869 3109 991 3194 lingere
1007 3110 1069 3173 sibi

12 3212 14 3217 ’
48 3214 115 3277 bas
149 3216 310 3299 imagines
335 3217 425 3279 licet.
469 3218 560 3301 Opus
593 3228 642 3281 est
672 3240 747 3300 ergo
771 3218 875 3296 locis,
907 3240 989 3301 quae
1012 3216 1067 3281 vel

50 3328 255 3409 linguntur,
279 3327 328 3387 vel
346 3336 538 3386 sumuntur:
563 3326 775 3409 imaginibus,
799 3327 850 3388 vel
871 3325 1066 3403 simulacris,

52 3454 149 3517 qnae
178 3431 293 3515 utique
324 3434 473 3515 lingenda
503 3444 590 3495 sunt.
646 3436 804 3516 imagines
838 3447 934 3498 notae
967 3444 1067 3512 sunt,

54 3542 187 3624 quibus
209 3561 265 3618 ea,
293 3564 376 3625 quae
397 3541 570 3604 ediscenda
596 3554 694 3618 sunt,
720 3554 883 3604 notamus:
907 3554 961 3619 nt,
985 3563 1069 3624 quo-

54 3648 166 3711 modo
194 3649 309 3711 Cicero
339 3650 442 3727 dicit,
476 3652 554 3711 locis
583 3673 643 3736 pro
678 3672 771 3725 cera,
802 3653 977 3712 simulacris
1006 3670 1067 3735 pro

55 3757 168 3817 lituris
192 3771 317 3820 utamur
338 3759 375 3832 Ἰ.
417 3758 503 3818 lllud
535 3782 663 3842 quoque
694 3761 732 3821 nd
761 3761 895 3821 verbum
924 3782 1068 3843 ponere,

59 3867 228 3949 optimum
244 3867 360 3927 fucrit:
382 3869 478 3928 Locis
498 3883 542 3928 est
562 3868 710 3929 utendum
727 3870 853 3943 multis,
873 3869 1045 3931 illustribus
1051 3912 1066 3942 ,

96 4104 125 4176 'l
156 4106 271 4173 Cicero,
289 4108 332 4161 De
348 4125 386 4159 or.
402 4109 440 4161 11.
455 4111 497 4163 86.
514 4109 536 4175 ς.
550 4107 609 4176 354.
