2610 4800
715 473 799 550 100

256 672 398 741 tationes
423 672 515 737 uelut
537 694 650 737 secum
671 673 880 757 loquentium
898 664 1145 758 protrahimus}
1173 668 1246 766 (jure

257 793 366 845 tamen
385 780 430 845 ita
449 781 579 874 demum
600 803 618 842 a
640 781 703 868 fide
724 804 791 843 non
810 780 1010 864 abhorrent,
1034 786 1061 846 si
1082 808 1120 848 ea
1141 787 1250 873 loquu'·

255 889 533 966 tostinxerimus,
559 911 643 973 quae
661 890 821 974 cogitasse
837 886 891 952 eos
913 912 979 952 non
1001 891 1043 955 sit
1065 882 1248 970 absurdum

256 1011 289 1065 ct
305 1005 437 1078 nostros
455 984 530 1063 cum
546 1000 617 1060 aliis
637 992 803 1076 sermones
823 1009 855 1062 et
872 996 1010 1062 aliorum
1031 1003 1122 1093 inter
1139 1027 1176 1068 sc
1190 1027 1251 1070 crs·

255 1105 402 1171 dibiliter
416 1107 657 1168 introducimus
670 1133 678 1181 3
702 1118 735 1170 et
750 1099 1165 1194 suadendogobjurgando,
1182 1136 1251 1199 que·

146 1301 152 1304 u
256 1215 381 1297 rendo',
415 1216 602 1297 laudando,
635 1216 836 1294 miserando,
866 1240 1023 1301 personas
1049 1220 1253 1285 idoneosda·

257 1347 342 1388 mus.
385 1323 477 1405 Quin
497 1324 659 1386 deducere
682 1325 767 1386 Deos
790 1324 825 1386 in
841 1325 910 1416 ‘hoc
930 1343 1048 1410 genere
1072 1327 1208 1393 dicendi
1227 1338 1261 1395 el·

257 1432 378 1494 inferos
398 1433 540 1500 excitare
562 1421 756 1494 concessum
777 1444 836 1495 est.
878 1435 981 1495 Urbes
1005 1435 1103 1522 etiam
1128 1428 1255 1523 populi?-

256 1563 321 1626 qne
342 1562 457 1604 vocem
473 1537 652 1624 accipiunt.
696 1542 744 1604 Ac
766 1551 844 1602 sunt
865 1542 1020 1625 quidam,
1050 1544 1109 1626 qui
1129 1538 1256 1609 lias'de·

255 1671 345 1711 mum
368 1647 621 1739 arpocutgouolug
647 1648 782 1738 dicant,
816 1650 850 1709 in
870 1631 991 1740 quibus
1007 1644 1050 1712 *et
1073 1650 1258 1735 corpora'tl

254 1758 355 1822 verba
368 1756 537 1840 fingimus;
563 1779 730 1820 sermones
744 1757 916 1818 hominnm
926 1757 1134 1821 assimulatos
1152 1760 1258 1841 dicere

256 1864 599 1947 diuiduum-malunt,
631 1864 720 1946 quod
739 1863 932 1926 Latinorum
954 1865 1087 1948 quidam
1106 1864 1258 1937 dixerunt

208 2028 213 2036 .
255 1966 557 2037 sermocinationem.
582 2010 621 2023 -
644 2007 745 2048 νη-
787 1972 852 2034 Sed
871 1975 990 2035 formas
1011 1996 1148 2058 quoque
1169 1975 1258 2063 lingi-

256 2100 329 2144 mus
349 2075 443 2166 saepe
461 2090 498 2142 ut
517 2084 650 2165 Eumam
670 2080 829 2164 Virgilius
852 2082 901 2158 *);
935 2093 971 2143 ut
994 2085 1196 2164 Voluptatem
1225 2094 1258 2147 tc
1279 2134 1283 2143 .

258 2180 412 2257 Virtutem
435 2187 733 2273 (quemadmodum
758 2210 776 2247 a
792 2178 1013 2273 Xenophonte
1029 2191 1073 2270 “l
1098 2187 1257 2270 traditur]

249 2278 437 2373 Prodicus3
473 2308 510 2359 ut
530 2301 666 2360 Mortem
688 2319 725 2359 ac
746 2299 878 2372 Vitam,
908 2316 989 2380 quas
1020 2284 1257 2403 contendentes

256 2407 291 2469 in
317 2415 427 2467 satura
449 2405 550 2468 tradit
574 2404 752 2468 Ennius*
754 2405 791 2484 *.)
815 2444 854 2457 —
878 2442 916 2454 -
961 2408 1104 2469 Aversus
1126 2394 1258 2493 quoque

256 2536 275 2575 a
292 2506 402 2611 judice
422 2534 548 2592 se1mo,
574 2535 632 2596 qur
623 2513 808 2575 dicitur'
792 2516 1006 2600 αποστροφὴ,
1028 2515 1109 2577 mire
1128 2526 1257 2591 movet·

198 2599 205 2609 X
232 2610 326 2701 :siro
345 2623 545 2687 adversarios
566 2622 768 2683 invadimus.
793 2624 881 2709 Quid
899 2628 981 2686 euim
1005 2639 1074 2687 rum
1097 2626 1168 2700 ille,
1195 2628 1259 2690 Τιι·

256 2732 354 2795 dero
338 2777 351 2806 ,
378 2734 412 2793 tu
440 2733 508 2793 acie
525 2733 711 2793 Pharsalica
733 2731 858 2814 gladius
883 2734 1008 2816 agebat.
1005 2735 1032 2778 Ρ
1033 2732 1100 2762 ****
1085 2734 1114 2807 Ἴ
1136 2733 1207 2797 sire
1221 2731 1258 2795 ud

256 2839 502 2902 invocationem
532 2830 675 2922 aliquam
704 2836 947 2902 convertimur
1000 2842 1066 2904 Vos
1088 2843 1177 2902 enim
1195 2846 1259 2926 jam

187 3026 190 3032 ἢ
256 2969 311 3030 ego
338 2947 458 3012 Albani
487 2950 598 3010 tumuli
621 2962 711 3036 atque
727 2950 793 3014 luci
810 2952 867 3028 †);
898 2950 966 3037 sive
995 2951 1034 3010 ad
1064 2934 1258 3013 invidiosam

256 3054 545 3139 implorationem:
599 3057 628 3118 0
659 3059 737 3139 leges
770 3058 905 3121 Porciae
938 3057 1075 3142 legesque
1109 3058 1258 3142 Sempro·

256 3161 433 3241 uiael'††)'
451 3198 490 3210 -·
512 3200 553 3214 -
595 3163 655 3225 Illa
678 3187 756 3227 vero
781 3170 836 3243 (ut
857 3163 903 3224 ait
922 3162 1060 3242 Cicero)
1078 3166 1135 3237 sub
1152 3169 1258 3231 oculos

257 3271 433 3355 subjectio]
462 3281 533 3332 tum
551 3265 621 3335 fierl
639 3273 744 3351 solet,
777 3293 881 3356 quum
904 3257 955 3332 res
976 3293 1042 3332 non
1063 3282 1153 3356 gesta
1173 3273 1277 3345 indi·¹

256 3443 599 3459 m

246 3561 252 3567 ’
292 3549 557 3621 lton.lV.173.

282 3643 457 3731 ”)lllemor.
474 3647 547 3701 Socr.
564 3648 600 3699 Il.
623 3665 644 3699 ι.
965 3700 968 3707 ,

267 3736 321 3810 Μ)
344 3724 463 3808 Locum,
484 3741 540 3797 hue
555 3722 743 3807 referendum,
769 3740 842 3796 inter
855 3739 1004 3810 fragmenta
1018 3740 1182 3793 Enniana
1157 3760 1206 3798 vax
1222 3746 1263 3798 in-

347 3839 460 3892 veneris.

258 3928 325 4002 m)
347 3930 399 3983 Pro
414 3932 469 4000 Lig
487 3948 510 3987 t.
528 3935 553 3986 3
658 3978 661 3983 .

293 4026 328 4096 †)
350 4028 400 4080 Pro
415 4027 474 4079 Mil.
497 4044 522 4082 c.
537 4031 579 4082 3ι.
640 4050 643 4054 ·

276 4120 325 4193 ἢ)
349 4124 382 4175 Ιιι
394 4121 469 4176 Verr.
485 4121 518 4176 V.
536 4121 590 4189 ⁶4?
