<?xml version="1.0" encoding="UTF-8"?>
<!DOCTYPE html PUBLIC "-//W3C//DTD XHTML 1.0 Transitional//EN"
    "http://www.w3.org/TR/xhtml1/DTD/xhtml1-transitional.dtd">
<html xmlns="http://www.w3.org/1999/xhtml" xml:lang="en" lang="en">
 <head>
  <title>
</title>
<meta http-equiv="Content-Type" content="text/html;charset=utf-8" />
  <meta name='ocr-system' content='tesseract 3.04.00' />
  <meta name='ocr-capabilities' content='ocr_page ocr_carea ocr_par ocr_line ocrx_word'/>
</head>
<body>
  <div class='ocr_page' id='page_1' title='image "./aestheticaliter00hillgoog_0225.png"; bbox 0 0 2610 4800; ppageno 0'>
   <div class='ocr_carea' id='block_1_1' title="bbox 138 632 1221 3845">
    <p class='ocr_par' dir='ltr' id='par_1_1' title="bbox 138 632 1221 3845">
     <span class='ocr_line' id='line_1_1' title="bbox 153 632 1161 724; baseline 0.001 -22"><span class='ocrx_word' id='word_1_1' title='bbox 153 634 298 724; x_wconf 69' lang='grc' dir='ltr'><strong><em>ἀπορεῖ,</em></strong></span> <span class='ocrx_word' id='word_1_2' title='bbox 327 637 386 699; x_wconf 81' lang='grc' dir='ltr'><strong><em>καλ</em></strong></span> <span class='ocrx_word' id='word_1_3' title='bbox 409 632 470 699; x_wconf 80' lang='grc' dir='ltr'><strong><em>οάκ</em></strong></span> <span class='ocrx_word' id='word_1_4' title='bbox 495 634 566 721; x_wconf 78' lang='grc' dir='ltr'><strong><em>ίχει</em></strong></span> <span class='ocrx_word' id='word_1_5' title='bbox 581 635 843 719; x_wconf 81' lang='grc' dir='ltr'><strong><em>συμβάλλεσθαι</em></strong></span> <span class='ocrx_word' id='word_1_6' title='bbox 862 632 940 697; x_wconf 78' lang='grc' dir='ltr'><strong><em>ἅτε</em></strong></span> <span class='ocrx_word' id='word_1_7' title='bbox 961 633 997 700; x_wconf 71' lang='grc' dir='ltr'><strong><em>ἓν</em></strong></span> <span class='ocrx_word' id='word_1_8' title='bbox 1014 635 1161 720; x_wconf 70' lang='grc' dir='ltr'><strong><em>βαψφάεί</em></strong></span> 
     </span>
     <span class='ocr_line' id='line_1_2' title="bbox 155 744 1160 835; baseline -0.002 -23"><span class='ocrx_word' id='word_1_9' title='bbox 155 749 220 812; x_wconf 78' lang='grc' dir='ltr'><strong><em>καί</em></strong></span> <span class='ocrx_word' id='word_1_10' title='bbox 237 745 259 807; x_wconf 85' lang='grc' dir='ltr'><strong><em>ἀ</em></strong></span> <span class='ocrx_word' id='word_1_11' title='bbox 278 748 329 830; x_wconf 80' lang='grc' dir='ltr'><strong><em>μή.</em></strong></span> <span class='ocrx_word' id='word_1_12' title='bbox 371 748 422 808; x_wconf 87' lang='lat' dir='ltr'><strong><em>Jo.</em></strong></span> <span class='ocrx_word' id='word_1_13' title='bbox 463 747 533 810; x_wconf 78' lang='grc' dir='ltr'><strong><em>Οὐκ</em></strong></span> <span class='ocrx_word' id='word_1_14' title='bbox 557 745 619 828; x_wconf 84' lang='grc' dir='ltr'><strong><em>ίχο</em></strong></span> <span class='ocrx_word' id='word_1_15' title='bbox 642 768 699 808; x_wconf 91' lang='grc' dir='ltr'><strong><em>σοι</em></strong></span> <span class='ocrx_word' id='word_1_16' title='bbox 717 745 794 828; x_wconf 82' lang='grc' dir='ltr'><strong><em>περὶ</em></strong></span> <span class='ocrx_word' id='word_1_17' title='bbox 807 745 932 835; x_wconf 72' lang='grc' dir='ltr'><strong><em>τοότου</em></strong></span> <span class='ocrx_word' id='word_1_18' title='bbox 954 744 1160 828; x_wconf 74' lang='grc' dir='ltr'><strong><em>ἀντιλέγειν,</em></strong></span> 
     </span>
     <span class='ocr_line' id='line_1_3' title="bbox 153 852 1161 940; baseline 0 -23"><span class='ocrx_word' id='word_1_19' title='bbox 153 857 184 921; x_wconf 71' lang='grc' dir='ltr'><strong><em>ὦ</em></strong></span> <span class='ocrx_word' id='word_1_20' title='bbox 200 855 391 940; x_wconf 82' lang='grc' dir='ltr'><strong><em>Σώκρατες·</em></strong></span> <span class='ocrx_word' id='word_1_21' title='bbox 424 852 497 915; x_wconf 87' lang='grc' dir='ltr'><strong><em>ἀλλ’</em></strong></span> <span class='ocrx_word' id='word_1_22' title='bbox 524 854 630 915; x_wconf 83' lang='grc' dir='ltr'><strong><em>ἐκεῖνο</em></strong></span> <span class='ocrx_word' id='word_1_23' title='bbox 661 853 794 934; x_wconf 69' lang='grc' dir='ltr'><strong><em>ἐμαυτῷ</em></strong></span> <span class='ocrx_word' id='word_1_24' title='bbox 816 852 976 928; x_wconf 83' lang='grc' dir='ltr'><strong><em>σόνοιάα,</em></strong></span> <span class='ocrx_word' id='word_1_25' title='bbox 1010 853 1066 914; x_wconf 91' lang='grc' dir='ltr'><strong><em>ότι</em></strong></span> <span class='ocrx_word' id='word_1_26' title='bbox 1083 854 1161 936; x_wconf 71' lang='grc' dir='ltr'><strong><em>περὶ</em></strong></span> 
     </span>
     <span class='ocr_line' id='line_1_4' title="bbox 147 944 1163 1046; baseline 0.002 -23"><span class='ocrx_word' id='word_1_27' title='bbox 147 944 299 1046; x_wconf 66' lang='grc' dir='ltr'><strong><em>ΙἺΟμιίρου</em></strong></span> <span class='ocrx_word' id='word_1_28' title='bbox 319 961 472 1023; x_wconf 76' lang='grc' dir='ltr'><strong>κάλλιστ’</strong></span> <span class='ocrx_word' id='word_1_29' title='bbox 493 959 676 1044; x_wconf 80' lang='grc' dir='ltr'><strong><em>ἀνθρώπων</em></strong></span> <span class='ocrx_word' id='word_1_30' title='bbox 695 959 776 1042; x_wconf 81' lang='grc' dir='ltr'><strong><em>λέγω</em></strong></span> <span class='ocrx_word' id='word_1_31' title='bbox 795 959 854 1021; x_wconf 89' lang='grc' dir='ltr'><strong><em>καί</em></strong></span> <span class='ocrx_word' id='word_1_32' title='bbox 874 961 999 1044; x_wconf 74' lang='grc' dir='ltr'><strong><em>είποριί</em></strong></span> <span class='ocrx_word' id='word_1_33' title='bbox 1008 1002 1019 1035; x_wconf 91' lang='grc'><strong><em>,</em></strong></span> <span class='ocrx_word' id='word_1_34' title='bbox 1052 960 1163 1025; x_wconf 84' lang='grc' dir='ltr'><strong><em>καλοί</em></strong></span> 
     </span>
     <span class='ocr_line' id='line_1_5' title="bbox 155 1066 1162 1151; baseline 0 -18"><span class='ocrx_word' id='word_1_35' title='bbox 155 1068 262 1137; x_wconf 73' lang='grc' dir='ltr'><strong><em>ἄλλοι</em></strong></span> <span class='ocrx_word' id='word_1_36' title='bbox 276 1068 403 1143; x_wconf 85' lang='grc' dir='ltr'><strong><em>πάντες</em></strong></span> <span class='ocrx_word' id='word_1_37' title='bbox 420 1067 458 1150; x_wconf 85' lang='grc' dir='ltr'><strong><em>μέ</em></strong></span> <span class='ocrx_word' id='word_1_38' title='bbox 479 1067 588 1151; x_wconf 87' lang='grc' dir='ltr'><strong><em>φασίν</em></strong></span> <span class='ocrx_word' id='word_1_39' title='bbox 605 1066 640 1129; x_wconf 83' lang='grc' dir='ltr'><strong><em>εὖ</em></strong></span> <span class='ocrx_word' id='word_1_40' title='bbox 657 1067 782 1150; x_wconf 86' lang='grc' dir='ltr'><strong><em>λέγειν·</em></strong></span> <span class='ocrx_word' id='word_1_41' title='bbox 804 1066 880 1151; x_wconf 76' lang='grc' dir='ltr'><strong><em>περὶ</em></strong></span> <span class='ocrx_word' id='word_1_42' title='bbox 900 1066 935 1128; x_wconf 84' lang='grc' dir='ltr'><strong><em>ἀέ</em></strong></span> <span class='ocrx_word' id='word_1_43' title='bbox 952 1073 1020 1130; x_wconf 78' lang='grc' dir='ltr'><strong><em>τόν</em></strong></span> <span class='ocrx_word' id='word_1_44' title='bbox 1041 1067 1162 1147; x_wconf 78' lang='grc' dir='ltr'><strong><em>ἄλλων,</em></strong></span> 
     </span>
     <span class='ocr_line' id='line_1_6' title="bbox 155 1166 1221 1260; baseline -0.002 -19"><span class='ocrx_word' id='word_1_45' title='bbox 155 1177 209 1241; x_wconf 75' lang='grc' dir='ltr'><strong><em>αὖ.</em></strong></span> <span class='ocrx_word' id='word_1_46' title='bbox 251 1177 367 1239; x_wconf 85' lang='grc' dir='ltr'><strong><em>καίτοι</em></strong></span> <span class='ocrx_word' id='word_1_47' title='bbox 394 1175 456 1260; x_wconf 89' lang='grc' dir='ltr'><strong><em>ὅρα</em></strong></span> <span class='ocrx_word' id='word_1_48' title='bbox 483 1183 587 1239; x_wconf 83' lang='grc' dir='ltr'><strong><em>τοῦτο</em></strong></span> <span class='ocrx_word' id='word_1_49' title='bbox 609 1174 646 1237; x_wconf 86' lang='grc' dir='ltr'><strong><em>τί</em></strong></span> <span class='ocrx_word' id='word_1_50' title='bbox 672 1176 756 1237; x_wconf 89' lang='grc' dir='ltr'><strong><em>ἐστι.</em></strong></span> <span class='ocrx_word' id='word_1_51' title='bbox 798 1174 888 1236; x_wconf 86' lang='lat' dir='ltr'><strong>Socr.</strong></span> <span class='ocrx_word' id='word_1_52' title='bbox 926 1176 994 1238; x_wconf 85' lang='grc' dir='ltr'><strong><em>Καὶ</em></strong></span> <span class='ocrx_word' id='word_1_53' title='bbox 1020 1177 1100 1259; x_wconf 79' lang='grc' dir='ltr'><strong><em>ὁρῶ,</em></strong></span> <span class='ocrx_word' id='word_1_54' title='bbox 1136 1166 1162 1239; x_wconf 75' lang='grc' dir='ltr'><strong><em>ό</em></strong></span> <span class='ocrx_word' id='word_1_55' title='bbox 1215 1168 1221 1181; x_wconf 26' lang='grc' dir='ltr'><strong>Χ</strong></span> 
     </span>
     <span class='ocr_line' id='line_1_7' title="bbox 148 1281 1162 1366; baseline -0.002 -17"><span class='ocrx_word' id='word_1_56' title='bbox 148 1284 248 1360; x_wconf 73' lang='grc' dir='ltr'><strong><em>Ἴον,</em></strong></span> <span class='ocrx_word' id='word_1_57' title='bbox 277 1284 335 1347; x_wconf 85' lang='grc' dir='ltr'><strong><em>καί</em></strong></span> <span class='ocrx_word' id='word_1_58' title='bbox 361 1283 500 1366; x_wconf 83' lang='grc' dir='ltr'><strong><em>ἔρχομαι</em></strong></span> <span class='ocrx_word' id='word_1_59' title='bbox 526 1284 562 1366; x_wconf 85' lang='grc' dir='ltr'><strong><em>γί</em></strong></span> <span class='ocrx_word' id='word_1_60' title='bbox 588 1306 644 1346; x_wconf 89' lang='grc' dir='ltr'><strong><em>σοι</em></strong></span> <span class='ocrx_word' id='word_1_61' title='bbox 667 1284 938 1365; x_wconf 82' lang='grc' dir='ltr'><strong><em>ἀποφαινόμενος</em></strong></span> <span class='ocrx_word' id='word_1_62' title='bbox 956 1281 975 1344; x_wconf 92' lang='grc' dir='ltr'><strong><em>ό</em></strong></span> <span class='ocrx_word' id='word_1_63' title='bbox 991 1307 1048 1366; x_wconf 90' lang='grc' dir='ltr'><strong><em>μοι</em></strong></span> <span class='ocrx_word' id='word_1_64' title='bbox 1069 1283 1162 1347; x_wconf 75' lang='grc' dir='ltr'><strong><em>δοκεῖ</em></strong></span> 
     </span>
     <span class='ocr_line' id='line_1_8' title="bbox 155 1389 1162 1476; baseline 0 -21"><span class='ocrx_word' id='word_1_65' title='bbox 155 1394 269 1455; x_wconf 73' lang='grc' dir='ltr'><strong><em>ταῦτα</em></strong></span> <span class='ocrx_word' id='word_1_66' title='bbox 282 1391 379 1454; x_wconf 78' lang='grc' dir='ltr'><strong><em>εἶναι.</em></strong></span> <span class='ocrx_word' id='word_1_67' title='bbox 422 1391 579 1474; x_wconf 82' lang='grc' dir='ltr'><strong><em>ἔστιγὰρ</em></strong></span> <span class='ocrx_word' id='word_1_68' title='bbox 597 1393 702 1453; x_wconf 77' lang='grc' dir='ltr'><strong><em>τοῦτο</em></strong></span> <span class='ocrx_word' id='word_1_69' title='bbox 718 1391 819 1472; x_wconf 80' lang='grc' dir='ltr'><strong><em>τέχνη</em></strong></span> <span class='ocrx_word' id='word_1_70' title='bbox 837 1389 913 1471; x_wconf 69' lang='grc' dir='ltr'><strong><em>μὲν,</em></strong></span> <span class='ocrx_word' id='word_1_71' title='bbox 934 1392 993 1452; x_wconf 79' lang='grc' dir='ltr'><strong><em>οὐκ</em></strong></span> <span class='ocrx_word' id='word_1_72' title='bbox 1012 1390 1049 1454; x_wconf 89' lang='grc' dir='ltr'><strong><em>όν</em></strong></span> <span class='ocrx_word' id='word_1_73' title='bbox 1067 1392 1162 1476; x_wconf 88' lang='grc' dir='ltr'><strong><em>παρά</em></strong></span> 
     </span>
     <span class='ocr_line' id='line_1_9' title="bbox 157 1495 1162 1581; baseline 0 -20"><span class='ocrx_word' id='word_1_74' title='bbox 157 1522 219 1563; x_wconf 87' lang='grc' dir='ltr'><strong><em>σοι</em></strong></span> <span class='ocrx_word' id='word_1_75' title='bbox 234 1499 311 1580; x_wconf 87' lang='grc' dir='ltr'><strong><em>περί</em></strong></span> <span class='ocrx_word' id='word_1_76' title='bbox 326 1497 465 1581; x_wconf 75' lang='grc' dir='ltr'><strong><em>Ὀμήρου</em></strong></span> <span class='ocrx_word' id='word_1_77' title='bbox 485 1495 521 1558; x_wconf 81' lang='grc' dir='ltr'><strong><em>εὖ</em></strong></span> <span class='ocrx_word' id='word_1_78' title='bbox 538 1499 665 1580; x_wconf 85' lang='grc' dir='ltr'><strong><em>λέγειν,</em></strong></span> <span class='ocrx_word' id='word_1_79' title='bbox 695 1498 786 1560; x_wconf 82' lang='grc' dir='ltr'><strong><em>δνῦν</em></strong></span> <span class='ocrx_word' id='word_1_80' title='bbox 808 1496 846 1570; x_wconf 77' lang='grc' dir='ltr'><strong><em>ἀίι</em></strong></span> <span class='ocrx_word' id='word_1_81' title='bbox 867 1497 997 1580; x_wconf 82' lang='grc' dir='ltr'><strong><em>ἔλεγον,</em></strong></span> <span class='ocrx_word' id='word_1_82' title='bbox 1025 1501 1105 1561; x_wconf 83' lang='grc' dir='ltr'><strong><em>θεία</em></strong></span> <span class='ocrx_word' id='word_1_83' title='bbox 1124 1499 1162 1567; x_wconf 76' lang='grc' dir='ltr'><strong><em>ἀλ</em></strong></span> 
     </span>
     <span class='ocr_line' id='line_1_10' title="bbox 157 1596 1164 1688; baseline -0.002 -18"><span class='ocrx_word' id='word_1_84' title='bbox 157 1606 302 1688; x_wconf 74' lang='grc' dir='ltr'><strong><em>δύναμις</em></strong></span> <span class='ocrx_word' id='word_1_85' title='bbox 318 1604 336 1678; x_wconf 75' lang='grc' dir='ltr'><em>ἢ</em></span> <span class='ocrx_word' id='word_1_86' title='bbox 352 1596 514 1680; x_wconf 63' lang='grc' dir='ltr'><strong><em>σε’κινεῐ,</em></strong></span> <span class='ocrx_word' id='word_1_87' title='bbox 543 1605 644 1688; x_wconf 80' lang='grc' dir='ltr'><strong><em>ὥςπερ</em></strong></span> <span class='ocrx_word' id='word_1_88' title='bbox 664 1607 697 1667; x_wconf 88' lang='grc' dir='ltr'><strong><em>ἐν</em></strong></span> <span class='ocrx_word' id='word_1_89' title='bbox 719 1611 760 1687; x_wconf 78' lang='grc' dir='ltr'><strong><em>τῇ</em></strong></span> <span class='ocrx_word' id='word_1_90' title='bbox 779 1604 888 1687; x_wconf 80' lang='grc' dir='ltr'><strong><em>λίθῳ,</em></strong></span> <span class='ocrx_word' id='word_1_91' title='bbox 922 1604 960 1677; x_wconf 68' lang='grc' dir='ltr'><strong><em>ἦν</em></strong></span> <span class='ocrx_word' id='word_1_92' title='bbox 985 1606 1164 1688; x_wconf 76' lang='grc' dir='ltr'><strong><em>Εὐριπίδης</em></strong></span> 
     </span>
     <span class='ocr_line' id='line_1_11' title="bbox 156 1711 1162 1797; baseline 0.001 -21"><span class='ocrx_word' id='word_1_93' title='bbox 156 1713 220 1797; x_wconf 80' lang='grc' dir='ltr'><strong><em>μίν</em></strong></span> <span class='ocrx_word' id='word_1_94' title='bbox 233 1715 413 1795; x_wconf 76' lang='grc' dir='ltr'><strong><em>Μαγνῆτιν</em></strong></span> <span class='ocrx_word' id='word_1_95' title='bbox 427 1713 622 1795; x_wconf 76' lang='grc' dir='ltr'><strong><em>ὠνόμασεν,</em></strong></span> <span class='ocrx_word' id='word_1_96' title='bbox 643 1713 676 1776; x_wconf 90' lang='grc' dir='ltr'><strong><em>οί</em></strong></span> <span class='ocrx_word' id='word_1_97' title='bbox 697 1711 732 1773; x_wconf 84' lang='grc' dir='ltr'><strong><em>ἀέ</em></strong></span> <span class='ocrx_word' id='word_1_98' title='bbox 745 1711 885 1788; x_wconf 75' lang='grc' dir='ltr'><strong><em>πολλοὶ,</em></strong></span> <span class='ocrx_word' id='word_1_99' title='bbox 905 1711 1105 1796; x_wconf 85' lang='grc' dir='ltr'><strong><em>Ἡρακλείαν</em></strong></span> <span class='ocrx_word' id='word_1_100' title='bbox 1124 1713 1162 1792; x_wconf 71' lang='grc' dir='ltr'><strong><em>’λ</em></strong></span> 
     </span>
     <span class='ocr_line' id='line_1_12' title="bbox 155 1818 1164 1903; baseline -0.002 -20"><span class='ocrx_word' id='word_1_101' title='bbox 155 1822 218 1883; x_wconf 72' lang='grc' dir='ltr'><strong><em>καί</em></strong></span> <span class='ocrx_word' id='word_1_102' title='bbox 245 1823 309 1903; x_wconf 89' lang='grc' dir='ltr'><strong><em>γάρ</em></strong></span> <span class='ocrx_word' id='word_1_103' title='bbox 332 1818 417 1893; x_wconf 79' lang='grc' dir='ltr'><strong><em>αὕτη</em></strong></span> <span class='ocrx_word' id='word_1_104' title='bbox 448 1822 465 1892; x_wconf 85' lang='grc' dir='ltr'><em>ἡ</em></span> <span class='ocrx_word' id='word_1_105' title='bbox 492 1820 588 1892; x_wconf 90' lang='grc' dir='ltr'><strong><em>λίθος</em></strong></span> <span class='ocrx_word' id='word_1_106' title='bbox 614 1820 652 1880; x_wconf 80' lang='grc' dir='ltr'><strong><em>οὗ</em></strong></span> <span class='ocrx_word' id='word_1_107' title='bbox 677 1819 778 1897; x_wconf 91' lang='grc' dir='ltr'><strong><em>μόνον</em></strong></span> <span class='ocrx_word' id='word_1_108' title='bbox 804 1820 925 1892; x_wconf 76' lang='grc' dir='ltr'><strong><em>αὐτοὺς</em></strong></span> <span class='ocrx_word' id='word_1_109' title='bbox 946 1820 1024 1893; x_wconf 71' lang='grc' dir='ltr'><strong><em>τοὺς</em></strong></span> <span class='ocrx_word' id='word_1_110' title='bbox 1041 1820 1164 1882; x_wconf 84' lang='grc' dir='ltr'><strong><em>ἀακτυ·</em></strong></span> 
     </span>
     <span class='ocr_line' id='line_1_13' title="bbox 154 1925 1164 2010; baseline 0.003 -22"><span class='ocrx_word' id='word_1_111' title='bbox 154 1928 252 2002; x_wconf 71' lang='grc' dir='ltr'><strong><em>λίους</em></strong></span> <span class='ocrx_word' id='word_1_112' title='bbox 270 1929 346 2010; x_wconf 80' lang='grc' dir='ltr'><strong><em>ἄγει</em></strong></span> <span class='ocrx_word' id='word_1_113' title='bbox 363 1928 442 2003; x_wconf 77' lang='grc' dir='ltr'><strong><em>τοὺς</em></strong></span> <span class='ocrx_word' id='word_1_114' title='bbox 460 1927 633 2008; x_wconf 79' lang='grc' dir='ltr'><strong><em>σιδηροῦς,</em></strong></span> <span class='ocrx_word' id='word_1_115' title='bbox 664 1927 753 1988; x_wconf 82' lang='grc' dir='ltr'><strong><em>ἀλλὰ</em></strong></span> <span class='ocrx_word' id='word_1_116' title='bbox 770 1928 833 1987; x_wconf 80' lang='grc' dir='ltr'><strong><em>καί</em></strong></span> <span class='ocrx_word' id='word_1_117' title='bbox 844 1927 986 2010; x_wconf 83' lang='grc' dir='ltr'><strong><em>δύναμιν</em></strong></span> <span class='ocrx_word' id='word_1_118' title='bbox 1006 1925 1164 2002; x_wconf 79' lang='grc' dir='ltr'><strong><em>ἐντίθησι</em></strong></span> 
     </span>
     <span class='ocr_line' id='line_1_14' title="bbox 155 2033 1163 2113; baseline 0.002 -18"><span class='ocrx_word' id='word_1_119' title='bbox 155 2047 234 2110; x_wconf 72' lang='grc' dir='ltr'><strong><em>τοῖς</em></strong></span> <span class='ocrx_word' id='word_1_120' title='bbox 242 2033 464 2113; x_wconf 71' lang='grc' dir='ltr'><strong><em>βακτυλίοις,</em></strong></span> <span class='ocrx_word' id='word_1_121' title='bbox 492 2034 762 2108; x_wconf 79' lang='grc' dir='ltr'><strong><em>όςτεάόνασθαι</em></strong></span> <span class='ocrx_word' id='word_1_122' title='bbox 777 2035 907 2096; x_wconf 86' lang='grc' dir='ltr'><strong><em>ταυτὸν</em></strong></span> <span class='ocrx_word' id='word_1_123' title='bbox 926 2036 1030 2101; x_wconf 82' lang='grc' dir='ltr'><strong><em>τοῦτο</em></strong></span> <span class='ocrx_word' id='word_1_124' title='bbox 1051 2046 1163 2100; x_wconf 78' lang='grc' dir='ltr'><strong><em>ποιεῖν</em></strong></span> 
     </span>
     <span class='ocr_line' id='line_1_15' title="bbox 156 2136 1161 2227; baseline 0 -18"><span class='ocrx_word' id='word_1_125' title='bbox 156 2145 279 2227; x_wconf 78' lang='grc' dir='ltr'><strong><em>ἀπερὴ</em></strong></span> <span class='ocrx_word' id='word_1_126' title='bbox 304 2142 421 2220; x_wconf 89' lang='grc' dir='ltr'><strong><em>λίθος,</em></strong></span> <span class='ocrx_word' id='word_1_127' title='bbox 455 2141 579 2215; x_wconf 82' lang='grc' dir='ltr'><strong><em>ἄλλους</em></strong></span> <span class='ocrx_word' id='word_1_128' title='bbox 596 2143 689 2224; x_wconf 84' lang='grc' dir='ltr'><strong><em>ἀγειν</em></strong></span> <span class='ocrx_word' id='word_1_129' title='bbox 709 2142 924 2215; x_wconf 85' lang='grc' dir='ltr'><strong><em>δακτυλίους·</em></strong></span> <span class='ocrx_word' id='word_1_130' title='bbox 955 2136 1027 2213; x_wconf 61' lang='grc' dir='ltr'><strong><em>(ἐπ’</em></strong></span> <span class='ocrx_word' id='word_1_131' title='bbox 1052 2142 1161 2209; x_wconf 69' lang='grc' dir='ltr'><strong><em>ἐνίοτε</em></strong></span> 
     </span>
     <span class='ocr_line' id='line_1_16' title="bbox 158 2248 1163 2335; baseline -0.005 -20"><span class='ocrx_word' id='word_1_132' title='bbox 158 2252 312 2335; x_wconf 83' lang='grc' dir='ltr'><strong><em>όρμαθός</em></strong></span> <span class='ocrx_word' id='word_1_133' title='bbox 328 2250 451 2334; x_wconf 82' lang='grc' dir='ltr'><strong><em>μακρὸς</em></strong></span> <span class='ocrx_word' id='word_1_134' title='bbox 466 2250 556 2313; x_wconf 85' lang='grc' dir='ltr'><strong><em>πάνυ</em></strong></span> <span class='ocrx_word' id='word_1_135' title='bbox 570 2249 726 2332; x_wconf 79' lang='grc' dir='ltr'><strong><em>σιδηρίων</em></strong></span> <span class='ocrx_word' id='word_1_136' title='bbox 742 2249 800 2310; x_wconf 86' lang='grc' dir='ltr'><strong><em>καί</em></strong></span> <span class='ocrx_word' id='word_1_137' title='bbox 814 2248 1002 2313; x_wconf 80' lang='grc' dir='ltr'><strong>δακτυλίων</strong></span> <span class='ocrx_word' id='word_1_138' title='bbox 1017 2251 1051 2325; x_wconf 74' lang='grc' dir='ltr'><strong><em>ἐξ</em></strong></span> <span class='ocrx_word' id='word_1_139' title='bbox 1064 2248 1163 2325; x_wconf 75' lang='grc' dir='ltr'><strong><em>ἀλλή·</em></strong></span> 
     </span>
     <span class='ocr_line' id='line_1_17' title="bbox 156 2357 1161 2445; baseline -0.005 -21"><span class='ocrx_word' id='word_1_140' title='bbox 156 2358 228 2424; x_wconf 77' lang='grc' dir='ltr'><strong><em>λων</em></strong></span> <span class='ocrx_word' id='word_1_141' title='bbox 242 2359 399 2445; x_wconf 76' lang='grc' dir='ltr'><strong><em>ἤρτηται·</em></strong></span> <span class='ocrx_word' id='word_1_142' title='bbox 429 2364 518 2421; x_wconf 85' lang='grc' dir='ltr'><strong><em>πᾶσι</em></strong></span> <span class='ocrx_word' id='word_1_143' title='bbox 543 2357 578 2420; x_wconf 78' lang='grc' dir='ltr'><strong><em>δὲ</em></strong></span> <span class='ocrx_word' id='word_1_144' title='bbox 597 2359 732 2429; x_wconf 83' lang='grc' dir='ltr'><strong><em>τούτοις</em></strong></span> <span class='ocrx_word' id='word_1_145' title='bbox 752 2357 785 2430; x_wconf 85' lang='grc' dir='ltr'><strong><em>ἐξ</em></strong></span> <span class='ocrx_word' id='word_1_146' title='bbox 807 2357 929 2431; x_wconf 82' lang='grc' dir='ltr'><strong><em>ἐκείνης</em></strong></span> <span class='ocrx_word' id='word_1_147' title='bbox 946 2365 1005 2434; x_wconf 79' lang='grc' dir='ltr'><strong><em>τῆς</em></strong></span> <span class='ocrx_word' id='word_1_148' title='bbox 1023 2358 1161 2435; x_wconf 72' lang='grc' dir='ltr'><strong><em>λίθουη</em></strong></span> 
     </span>
     <span class='ocr_line' id='line_1_18' title="bbox 158 2463 1162 2550; baseline -0.003 -18"><span class='ocrx_word' id='word_1_149' title='bbox 158 2468 302 2550; x_wconf 79' lang='grc' dir='ltr'><strong><em>δόναμις</em></strong></span> <span class='ocrx_word' id='word_1_150' title='bbox 328 2466 524 2548; x_wconf 80' lang='grc' dir='ltr'><strong><em>ἀνήρτηται.</em></strong></span> <span class='ocrx_word' id='word_1_151' title='bbox 567 2463 652 2529; x_wconf 79' lang='grc' dir='ltr'><strong><em>οὕτω</em></strong></span> <span class='ocrx_word' id='word_1_152' title='bbox 685 2464 721 2525; x_wconf 79' lang='grc' dir='ltr'><strong><em>δέ</em></strong></span> <span class='ocrx_word' id='word_1_153' title='bbox 748 2464 847 2536; x_wconf 82' lang='grc' dir='ltr'><strong><em>καὶὴ</em></strong></span> <span class='ocrx_word' id='word_1_154' title='bbox 875 2467 1003 2528; x_wconf 79' lang='grc' dir='ltr'><strong><em>Μοῦσα</em></strong></span> <span class='ocrx_word' id='word_1_155' title='bbox 1027 2465 1162 2542; x_wconf 75' lang='grc' dir='ltr'><strong><em>ἐνθέους</em></strong></span> 
     </span>
     <span class='ocr_line' id='line_1_19' title="bbox 158 2571 1164 2661; baseline -0.001 -21"><span class='ocrx_word' id='word_1_156' title='bbox 158 2577 221 2661; x_wconf 84' lang='grc' dir='ltr'><strong><em>μέν</em></strong></span> <span class='ocrx_word' id='word_1_157' title='bbox 245 2586 337 2637; x_wconf 82' lang='grc' dir='ltr'><strong><em>ποιεῖ</em></strong></span> <span class='ocrx_word' id='word_1_158' title='bbox 364 2573 469 2647; x_wconf 77' lang='grc' dir='ltr'><strong><em>αὐτη,</em></strong></span> <span class='ocrx_word' id='word_1_159' title='bbox 505 2572 564 2634; x_wconf 84' lang='grc' dir='ltr'><strong><em>ἀιά</em></strong></span> <span class='ocrx_word' id='word_1_160' title='bbox 591 2574 627 2634; x_wconf 80' lang='grc' dir='ltr'><strong><em>ἀί</em></strong></span> <span class='ocrx_word' id='word_1_161' title='bbox 655 2574 722 2634; x_wconf 74' lang='grc' dir='ltr'><strong><em>τόν</em></strong></span> <span class='ocrx_word' id='word_1_162' title='bbox 748 2571 870 2634; x_wconf 79' lang='grc' dir='ltr'><strong><em>ἐνθέων</em></strong></span> <span class='ocrx_word' id='word_1_163' title='bbox 892 2573 1023 2636; x_wconf 71' lang='grc' dir='ltr'><strong><em>τούτων</em></strong></span> <span class='ocrx_word' id='word_1_164' title='bbox 1052 2574 1164 2639; x_wconf 75' lang='grc' dir='ltr'><strong><em>ἄλλων</em></strong></span> 
     </span>
     <span class='ocr_line' id='line_1_20' title="bbox 158 2679 1163 2767; baseline -0.005 -20"><span class='ocrx_word' id='word_1_165' title='bbox 158 2683 474 2756; x_wconf 82' lang='grc' dir='ltr'><strong><em>ἐνθουσιαζόντων,</em></strong></span> <span class='ocrx_word' id='word_1_166' title='bbox 519 2681 668 2765; x_wconf 87' lang='grc' dir='ltr'><strong><em>όρμαθὸς</em></strong></span> <span class='ocrx_word' id='word_1_167' title='bbox 700 2679 893 2760; x_wconf 82' lang='grc' dir='ltr'><strong><em>ἐξαρτᾶται.</em></strong></span> <span class='ocrx_word' id='word_1_168' title='bbox 944 2681 1070 2756; x_wconf 86' lang='grc' dir='ltr'><strong><em>πάντες</em></strong></span> <span class='ocrx_word' id='word_1_169' title='bbox 1098 2682 1163 2767; x_wconf 89' lang='grc' dir='ltr'><strong><em>γάρ</em></strong></span> 
     </span>
     <span class='ocr_line' id='line_1_21' title="bbox 158 2788 1165 2871; baseline -0.004 -16"><span class='ocrx_word' id='word_1_170' title='bbox 158 2791 236 2855; x_wconf 78' lang='grc' dir='ltr'><strong><em>σ’ίτε</em></strong></span> <span class='ocrx_word' id='word_1_171' title='bbox 253 2797 321 2852; x_wconf 74' lang='grc' dir='ltr'><strong><em>τείν</em></strong></span> <span class='ocrx_word' id='word_1_172' title='bbox 338 2790 422 2851; x_wconf 77' lang='grc' dir='ltr'><strong><em>ἐπῶν</em></strong></span> <span class='ocrx_word' id='word_1_173' title='bbox 440 2790 579 2861; x_wconf 87' lang='grc' dir='ltr'><strong><em>ποιηταὶ</em></strong></span> <span class='ocrx_word' id='word_1_174' title='bbox 598 2789 628 2850; x_wconf 91' lang='grc' dir='ltr'><strong><em>οί</em></strong></span> <span class='ocrx_word' id='word_1_175' title='bbox 645 2788 783 2870; x_wconf 83' lang='grc' dir='ltr'><strong><em>ἀγαθοί,</em></strong></span> <span class='ocrx_word' id='word_1_176' title='bbox 804 2789 862 2848; x_wconf 83' lang='grc' dir='ltr'><strong><em>οὐκ</em></strong></span> <span class='ocrx_word' id='word_1_177' title='bbox 880 2789 915 2849; x_wconf 88' lang='grc' dir='ltr'><strong><em>ἐκ</em></strong></span> <span class='ocrx_word' id='word_1_178' title='bbox 932 2791 1069 2871; x_wconf 82' lang='grc' dir='ltr'><strong><em>τέχνης,</em></strong></span> <span class='ocrx_word' id='word_1_179' title='bbox 1090 2788 1165 2851; x_wconf 83' lang='grc' dir='ltr'><strong><em>ἀλλ’</em></strong></span> 
     </span>
     <span class='ocr_line' id='line_1_22' title="bbox 159 2895 1165 2978; baseline -0.001 -17"><span class='ocrx_word' id='word_1_180' title='bbox 159 2899 277 2963; x_wconf 70' lang='grc' dir='ltr'><strong><em>ἔνθεοι</em></strong></span> <span class='ocrx_word' id='word_1_181' title='bbox 292 2896 385 2971; x_wconf 79' lang='grc' dir='ltr'><strong><em>ὄντες</em></strong></span> <span class='ocrx_word' id='word_1_182' title='bbox 403 2896 460 2956; x_wconf 84' lang='grc' dir='ltr'><strong><em>καί</em></strong></span> <span class='ocrx_word' id='word_1_183' title='bbox 477 2897 716 2978; x_wconf 86' lang='grc' dir='ltr'><strong><em>κατεχόμενοι,</em></strong></span> <span class='ocrx_word' id='word_1_184' title='bbox 746 2898 863 2958; x_wconf 87' lang='grc' dir='ltr'><strong><em>πάντα</em></strong></span> <span class='ocrx_word' id='word_1_185' title='bbox 879 2904 993 2958; x_wconf 84' lang='grc' dir='ltr'><strong><em>ταῦτα</em></strong></span> <span class='ocrx_word' id='word_1_186' title='bbox 1009 2897 1056 2958; x_wconf 72' lang='lat' dir='ltr'><strong><em>‘ca&#39;</em></strong></span> <span class='ocrx_word' id='word_1_187' title='bbox 1074 2895 1165 2960; x_wconf 84' lang='grc' dir='ltr'><strong><em>καλοί</em></strong></span> 
     </span>
     <span class='ocr_line' id='line_1_23' title="bbox 156 3003 1164 3088; baseline -0.004 -19"><span class='ocrx_word' id='word_1_188' title='bbox 156 3005 298 3088; x_wconf 76' lang='grc' dir='ltr'><strong><em>λέγουσι</em></strong></span> <span class='ocrx_word' id='word_1_189' title='bbox 317 3005 502 3087; x_wconf 83' lang='grc' dir='ltr'><strong><em>ποιήματα.</em></strong></span> <span class='ocrx_word' id='word_1_190' title='bbox 546 3003 604 3063; x_wconf 83' lang='grc' dir='ltr'><strong><em>καί</em></strong></span> <span class='ocrx_word' id='word_1_191' title='bbox 622 3004 655 3065; x_wconf 90' lang='grc' dir='ltr'><strong><em>οί</em></strong></span> <span class='ocrx_word' id='word_1_192' title='bbox 674 3003 848 3085; x_wconf 80' lang='grc' dir='ltr'><strong><em>μελοποιοὶ</em></strong></span> <span class='ocrx_word' id='word_1_193' title='bbox 865 3005 897 3064; x_wconf 93' lang='grc' dir='ltr'><strong><em>οί</em></strong></span> <span class='ocrx_word' id='word_1_194' title='bbox 915 3004 1042 3085; x_wconf 88' lang='grc' dir='ltr'><strong><em>ἀγαθοί</em></strong></span> <span class='ocrx_word' id='word_1_195' title='bbox 1059 3004 1164 3065; x_wconf 82' lang='grc' dir='ltr'><strong><em>ὡσαό·</em></strong></span> 
     </span>
     <span class='ocr_line' id='line_1_24' title="bbox 156 3111 1165 3196; baseline -0.002 -22"><span class='ocrx_word' id='word_1_196' title='bbox 156 3124 247 3188; x_wconf 81' lang='grc' dir='ltr'><strong><em>τως,</em></strong></span> <span class='ocrx_word' id='word_1_197' title='bbox 284 3111 385 3196; x_wconf 74' lang='grc' dir='ltr'><strong><em>ὥςπερ</em></strong></span> <span class='ocrx_word' id='word_1_198' title='bbox 415 3113 447 3173; x_wconf 83' lang='grc' dir='ltr'><strong><em>οἱ</em></strong></span> <span class='ocrx_word' id='word_1_199' title='bbox 478 3112 758 3194; x_wconf 78' lang='grc' dir='ltr'><strong><em>κορυβαντιῶντες</em></strong></span> <span class='ocrx_word' id='word_1_200' title='bbox 792 3111 851 3173; x_wconf 79' lang='grc' dir='ltr'><strong><em>οὐκ</em></strong></span> <span class='ocrx_word' id='word_1_201' title='bbox 883 3113 1041 3193; x_wconf 83' lang='grc' dir='ltr'><strong><em>ἔμφρονες</em></strong></span> <span class='ocrx_word' id='word_1_202' title='bbox 1071 3111 1165 3186; x_wconf 87' lang='grc' dir='ltr'><strong><em>ὄντες</em></strong></span> 
     </span>
     <span class='ocr_line' id='line_1_25' title="bbox 159 3217 1165 3307; baseline -0.002 -24"><span class='ocrx_word' id='word_1_203' title='bbox 159 3222 364 3305; x_wconf 66' lang='grc' dir='ltr'><strong><em>ὀρχοῦνται·</em></strong></span> <span class='ocrx_word' id='word_1_204' title='bbox 386 3221 472 3282; x_wconf 83' lang='grc' dir='ltr'><strong><em>οὕτω</em></strong></span> <span class='ocrx_word' id='word_1_205' title='bbox 488 3219 544 3279; x_wconf 84' lang='grc' dir='ltr'><strong><em>καὶ</em></strong></span> <span class='ocrx_word' id='word_1_206' title='bbox 559 3221 592 3280; x_wconf 94' lang='grc' dir='ltr'><strong><em>οί</em></strong></span> <span class='ocrx_word' id='word_1_207' title='bbox 607 3218 801 3307; x_wconf 66' lang='grc' dir='ltr'><strong><em>μελοποιοί,</em></strong></span> <span class='ocrx_word' id='word_1_208' title='bbox 821 3220 878 3280; x_wconf 78' lang='grc' dir='ltr'><strong><em>οὐκ</em></strong></span> <span class='ocrx_word' id='word_1_209' title='bbox 897 3217 1054 3305; x_wconf 81' lang='grc' dir='ltr'><strong><em>ἔμφρονες</em></strong></span> <span class='ocrx_word' id='word_1_210' title='bbox 1070 3221 1165 3295; x_wconf 80' lang='grc' dir='ltr'><strong><em>ὄντες</em></strong></span> 
     </span>
     <span class='ocr_line' id='line_1_26' title="bbox 138 3325 1164 3410; baseline -0.004 -20"><span class='ocrx_word' id='word_1_211' title='bbox 138 3326 209 3390; x_wconf 75' lang='grc' dir='ltr'><strong><em>’τοί</em></strong></span> <span class='ocrx_word' id='word_1_212' title='bbox 231 3325 321 3387; x_wconf 85' lang='grc' dir='ltr'><strong><em>καλοί</em></strong></span> <span class='ocrx_word' id='word_1_213' title='bbox 341 3329 419 3409; x_wconf 86' lang='grc' dir='ltr'><strong><em>με’λη</em></strong></span> <span class='ocrx_word' id='word_1_214' title='bbox 437 3333 553 3389; x_wconf 83' lang='grc' dir='ltr'><strong><em>ταῦτα</em></strong></span> <span class='ocrx_word' id='word_1_215' title='bbox 572 3332 751 3404; x_wconf 83' lang='grc' dir='ltr'><strong><em>ποιοῦσιν,</em></strong></span> <span class='ocrx_word' id='word_1_216' title='bbox 773 3326 846 3386; x_wconf 85' lang='grc' dir='ltr'><strong><em>ἀλλ’</em></strong></span> <span class='ocrx_word' id='word_1_217' title='bbox 866 3326 1003 3390; x_wconf 82' lang='grc' dir='ltr'><strong><em>ἐπειδοίν</em></strong></span> <span class='ocrx_word' id='word_1_218' title='bbox 1019 3328 1164 3410; x_wconf 83' lang='grc' dir='ltr'><strong><em>ἐμβῶσιυ</em></strong></span> 
     </span>
     <span class='ocr_line' id='line_1_27' title="bbox 160 3426 1165 3518; baseline -0.002 -21"><span class='ocrx_word' id='word_1_219' title='bbox 160 3437 210 3508; x_wconf 86' lang='grc' dir='ltr'><strong><em>εἰς</em></strong></span> <span class='ocrx_word' id='word_1_220' title='bbox 226 3435 289 3507; x_wconf 80' lang='grc' dir='ltr'><strong><em>τὴν</em></strong></span> <span class='ocrx_word' id='word_1_221' title='bbox 306 3435 468 3518; x_wconf 86' lang='grc' dir='ltr'><strong><em>ἁρμονίαν</em></strong></span> <span class='ocrx_word' id='word_1_222' title='bbox 485 3426 603 3505; x_wconf 75' lang='grc' dir='ltr'><strong><em>καίείς</em></strong></span> <span class='ocrx_word' id='word_1_223' title='bbox 619 3437 681 3496; x_wconf 89' lang='grc' dir='ltr'><strong><em>τὸν</em></strong></span> <span class='ocrx_word' id='word_1_224' title='bbox 702 3435 847 3516; x_wconf 81' lang='grc' dir='ltr'><strong><em>ῥυθμὸν,</em></strong></span> <span class='ocrx_word' id='word_1_225' title='bbox 871 3436 1085 3516; x_wconf 77' lang='grc' dir='ltr'><strong><em>βακχεύουσι,</em></strong></span> <span class='ocrx_word' id='word_1_226' title='bbox 1104 3434 1165 3509; x_wconf 76' lang='grc' dir='ltr'><strong><em>καί</em></strong></span> 
     </span>
     <span class='ocr_line' id='line_1_28' title="bbox 159 3536 1164 3627; baseline -0.001 -22"><span class='ocrx_word' id='word_1_227' title='bbox 159 3544 405 3626; x_wconf 80' lang='grc' dir='ltr'><strong><em>κατεχόμενοι,</em></strong></span> <span class='ocrx_word' id='word_1_228' title='bbox 442 3543 543 3627; x_wconf 76' lang='grc' dir='ltr'><strong><em>ὥςπερ</em></strong></span> <span class='ocrx_word' id='word_1_229' title='bbox 564 3543 600 3601; x_wconf 92' lang='grc' dir='ltr'><strong><em>αί</em></strong></span> <span class='ocrx_word' id='word_1_230' title='bbox 626 3536 773 3624; x_wconf 80' lang='grc' dir='ltr'><strong><em>βάκχαι,</em></strong></span> <span class='ocrx_word' id='word_1_231' title='bbox 810 3543 1017 3625; x_wconf 84' lang='grc' dir='ltr'><strong><em>ἀρόττονται</em></strong></span> <span class='ocrx_word' id='word_1_232' title='bbox 1043 3545 1076 3605; x_wconf 83' lang='grc' dir='ltr'><strong><em>ἐκ</em></strong></span> <span class='ocrx_word' id='word_1_233' title='bbox 1096 3547 1164 3610; x_wconf 72' lang='grc' dir='ltr'><strong><em>τόν</em></strong></span> 
     </span>
     <span class='ocr_line' id='line_1_29' title="bbox 159 3647 1165 3740; baseline 0.003 -27"><span class='ocrx_word' id='word_1_234' title='bbox 159 3660 327 3740; x_wconf 72' lang='grc' dir='ltr'><strong><em>ποταμῶν</em></strong></span> <span class='ocrx_word' id='word_1_235' title='bbox 350 3651 424 3731; x_wconf 86' lang='grc' dir='ltr'><strong><em>μέλι</em></strong></span> <span class='ocrx_word' id='word_1_236' title='bbox 447 3650 504 3710; x_wconf 83' lang='grc' dir='ltr'><strong><em>καί</em></strong></span> <span class='ocrx_word' id='word_1_237' title='bbox 525 3647 634 3731; x_wconf 82' lang='grc' dir='ltr'><strong><em>γάλα,</em></strong></span> <span class='ocrx_word' id='word_1_238' title='bbox 664 3651 910 3731; x_wconf 85' lang='grc' dir='ltr'><strong><em>κατεχόμενοι,</em></strong></span> <span class='ocrx_word' id='word_1_239' title='bbox 944 3648 1100 3732; x_wconf 81' lang='grc' dir='ltr'><strong><em>ἔμφρονες</em></strong></span> <span class='ocrx_word' id='word_1_240' title='bbox 1127 3652 1165 3716; x_wconf 75' lang='grc' dir='ltr'><strong><em>ἀλ</em></strong></span> 
     </span>
     <span class='ocr_line' id='line_1_30' title="bbox 161 3757 1165 3845; baseline 0 -23"><span class='ocrx_word' id='word_1_241' title='bbox 161 3757 287 3833; x_wconf 80' lang='grc' dir='ltr'><strong><em>οὖσαι,</em></strong></span> <span class='ocrx_word' id='word_1_242' title='bbox 321 3757 368 3821; x_wconf 79' lang='grc' dir='ltr'><strong><em>οὔ.</em></strong></span> <span class='ocrx_word' id='word_1_243' title='bbox 411 3758 469 3818; x_wconf 84' lang='grc' dir='ltr'><strong><em>καί</em></strong></span> <span class='ocrx_word' id='word_1_244' title='bbox 490 3763 557 3820; x_wconf 79' lang='grc' dir='ltr'><strong><em>τῶν</em></strong></span> <span class='ocrx_word' id='word_1_245' title='bbox 575 3757 759 3841; x_wconf 70' lang='grc' dir='ltr'><strong><em>μελοποιεῖν</em></strong></span> <span class='ocrx_word' id='word_1_246' title='bbox 778 3757 900 3839; x_wconf 70' lang='grc' dir='ltr'><strong><em>ἡψυχὴ</em></strong></span> <span class='ocrx_word' id='word_1_247' title='bbox 917 3767 1021 3823; x_wconf 86' lang='grc' dir='ltr'><strong><em>τοῦτο</em></strong></span> <span class='ocrx_word' id='word_1_248' title='bbox 1037 3758 1165 3845; x_wconf 82' lang='grc' dir='ltr'><strong><em>ἐργοίζε·</em></strong></span> 
     </span>
    </p>
   </div>
   <div class='ocr_carea' id='block_1_2' title="bbox 196 3984 1162 4137">
    <p class='ocr_par' dir='ltr' id='par_1_2' title="bbox 196 3984 1162 4137">
     <span class='ocr_line' id='line_1_31' title="bbox 196 3984 1162 4067; baseline 0.004 -25"><span class='ocrx_word' id='word_1_249' title='bbox 196 3986 226 4059; x_wconf 84' lang='grc'><strong><em>“)</em></strong></span> <span class='ocrx_word' id='word_1_250' title='bbox 247 3989 292 4042; x_wconf 77' lang='lat' dir='ltr'><strong><em>De</em></strong></span> <span class='ocrx_word' id='word_1_251' title='bbox 307 3986 389 4056; x_wconf 76' lang='lat' dir='ltr'>hujus</span> <span class='ocrx_word' id='word_1_252' title='bbox 405 3987 503 4058; x_wconf 79' lang='lat' dir='ltr'>lapidis</span> <span class='ocrx_word' id='word_1_253' title='bbox 519 3996 633 4062; x_wconf 69' lang='lat' dir='ltr'>namra,</span> <span class='ocrx_word' id='word_1_254' title='bbox 653 3984 726 4038; x_wconf 80' lang='lat' dir='ltr'><strong>vario</strong></span> <span class='ocrx_word' id='word_1_255' title='bbox 742 3987 851 4043; x_wconf 81' lang='lat' dir='ltr'>nomine</span> <span class='ocrx_word' id='word_1_256' title='bbox 866 3997 896 4044; x_wconf 81' lang='lat' dir='ltr'><strong><em>et</em></strong></span> <span class='ocrx_word' id='word_1_257' title='bbox 910 4007 1009 4060; x_wconf 74' lang='lat' dir='ltr'>genere</span> <span class='ocrx_word' id='word_1_258' title='bbox 1025 3989 1162 4067; x_wconf 77' lang='grc' dir='ltr'><strong><em>ιεΙεςειιά.</em></strong></span> 
     </span>
     <span class='ocr_line' id='line_1_32' title="bbox 253 4080 734 4137; baseline 0 -1"><span class='ocrx_word' id='word_1_259' title='bbox 253 4083 327 4137; x_wconf 75' lang='lat' dir='ltr'><em>Ptin.</em></span> <span class='ocrx_word' id='word_1_260' title='bbox 348 4082 417 4137; x_wconf 71' lang='lat' dir='ltr'><strong>nist.</strong></span> <span class='ocrx_word' id='word_1_261' title='bbox 433 4081 465 4134; x_wconf 88' lang='lat' dir='ltr'><strong><em>N.</em></strong></span> <span class='ocrx_word' id='word_1_262' title='bbox 481 4081 500 4134; x_wconf 88' lang='lat' dir='ltr'><strong><em>l.</em></strong></span> <span class='ocrx_word' id='word_1_263' title='bbox 517 4080 677 4137; x_wconf 81' lang='lat' dir='ltr'>xxxv1.c.</span> <span class='ocrx_word' id='word_1_264' title='bbox 695 4085 734 4136; x_wconf 82' lang='lat'><strong><em>16.</em></strong></span> 
     </span>
    </p>
   </div>
   <div class='ocr_carea' id='block_1_3' title="bbox 370 4363 512 4454">
    <p class='ocr_par' dir='ltr' id='par_1_3' title="bbox 370 4363 512 4454">
     <span class='ocr_line' id='line_1_33' title="bbox 370 4363 512 4454; baseline -0.007 1"><span class='ocrx_word' id='word_1_265' title='bbox 370 4412 373 4417; x_wconf 69' lang='lat'><em>,</em></span> <span class='ocrx_word' id='word_1_266' title='bbox 479 4363 512 4454; x_wconf 71' lang='grc' dir='ltr'><strong><em>ε·</em></strong></span> 
     </span>
    </p>
   </div>
   <div class='ocr_carea' id='block_1_4' title="bbox 0 0 1319 4800">
    <p class='ocr_par' dir='ltr' id='par_1_4' title="bbox 0 0 1319 4800">
     <span class='ocr_line' id='line_1_34' title="bbox 0 0 1319 4800; baseline 0 0"><span class='ocrx_word' id='word_1_267' title='bbox 0 0 1319 4800; x_wconf 95' lang='lat' dir='ltr'><strong><em> </em></strong></span> 
     </span>
    </p>
   </div>
  </div>
 </body>
</html>
