2610 4800
148 615 285 677 maxime
300 613 486 676 demittitur
502 611 629 673 animus
645 608 827 688 hominum,
851 621 884 673 et
901 610 943 673 ad
960 611 1130 676 misericors
1173 655 1180 685 ,

146 723 233 785 dium
252 730 476 805 comparatum
512 720 637 783 cumin
662 719 770 803 alieno
793 718 877 779 malo
897 739 989 780 suam
1010 719 1127 781 infirmi·
1172 717 1178 727 ’

122 900 125 906 ,
148 806 248 894 tatem
267 829 498 905 considerabit.
539 829 665 891 Deinde
689 829 812 912 primus
835 827 929 890 locus
954 838 1003 891 est
1021 828 1128 891 miseri·
1177 850 1180 881 ε

99 917 104 926 ’
151 937 302 1013 cordiae,
323 959 518 1020 perquem,
542 938 661 1020 quibus
681 936 714 997 in
730 936 825 998 bonis
836 935 973 1018 suerint,
993 921 1028 998 et
1045 957 1129 1012 nuuc,
1167 937 1169 946 ’

148 1045 268 1128 quibus
303 1044 336 1105 in
369 1044 461 1105 mulis
493 1045 581 1121 sint,
619 1044 815 1106 ostenditur.
865 1044 1056 1125 Secundus,
1083 1041 1128 1126 qui
1174 1078 1180 1099 ι

149 1151 184 1214 in
216 1162 358 1235 tempora
393 1153 569 1229 tribuitur,
611 1175 669 1235 por
698 1174 813 1234 quem,
849 1153 967 1235 quibus
997 1153 1031 1215 iu
1054 1151 1129 1212 malie

139 1259 286 1346 suerint,
308 1239 351 1322 vet
370 1262 455 1335 sint,
484 1262 636 1322 ctfoturi
658 1262 742 1338 siut,
772 1260 1024 1322 demonstratur.
1065 1262 1130 1323 Ter

47 1399 51 1408 ¹
91 1360 94 1363 ¹
148 1368 236 1444 tius,
270 1385 452 1451 perquem
474 1370 735 1452 unumquodque
758 1367 944 1455 deploratur
967 1368 1132 1430 incommo·
1170 1369 1180 1449 Ἰ

41 1502 47 1524 ⁴
149 1473 246 1549 dum,
273 1474 366 1537 utin
394 1485 497 1538 morte
523 1477 606 1553 filii,
636 1477 797 1560 pueritiae
821 1476 1018 1553 delectatio,
1047 1497 1130 1551 amor,
1171 1503 1180 1558 :¹

150 1603 244 1665 spes,
269 1583 438 1659 solatium,
463 1584 626 1660 educatio,
648 1585 742 1662 et,si
764 1606 827 1667 qua
846 1585 946 1645 simili
969 1585 1002 1647 in
1020 1605 1131 1668 genere,

154 1691 303 1772 quolibet
322 1691 361 1753 de
382 1692 589 1754 incommodo
608 1715 667 1776 per
683 1693 955 1774 conquestionem
972 1691 1038 1773 dici
1056 1703 1132 1774 pote·
1173 1692 1180 1767 ’χ

127 1805 239 1873 “runt
283 1802 448 1877 Quartus,
470 1822 529 1882 per
554 1817 651 1882 quem
668 1821 720 1861 res
735 1812 839 1884 turpes
847 1845 860 1874 ,
876 1809 914 1861 ¹et
932 1799 1089 1877 humiles,
1108 1805 1132 1859 et
1178 1801 1179 1808 ’

85 1907 87 1911 ’
151 1906 578 1989 ἱΙΙίΒετῑιΙεερτοῖειξθηῐυῑ,
619 1919 652 1970 et
676 1908 826 1991 indignae
847 1917 972 1985 aetate,
1014 1928 1130 1990 genere,

147 2014 302 2090 fortuna,
325 2016 464 2097 pristino
480 2015 616 2092 honore,
638 2016 823 2078 beneficiis:
846 2007 927 2100 quas
944 2015 1053 2098 passi,
1075 2034 1133 2098 per-

151 2123 416 2206 pessuriresiat.
460 2125 604 2204 Quintus
631 2134 702 2201 est,
735 2147 793 2208 per
820 2125 1048 2208 quemomnia
1073 2129 1133 2183 aute
1179 2147 1180 2152 ¹

43 2279 46 2289 ,
152 2235 261 2294 oculos
284 2229 476 2316 singillatim
495 2233 700 2312 incommoda
720 2242 907 2315 ponentur,
942 2245 981 2296 ut
1001 2232 1134 2295 videatur

155 2339 203 2417 is,
237 2338 294 2422 qui
315 2340 430 2417 audit,
460 2341 590 2418 videre,
621 2347 705 2402 stre
726 2340 962 2424 quoqueipsa,
988 2335 1139 2423 quasiad·

143 2436 217 2524 Ῑοίῑ,
255 2468 320 2507 non
347 2448 455 2508 verbis
487 2449 612 2525 solum,
653 2446 694 2512 ad
720 2448 977 2510 misericordiam
1004 2448 1140 2510 ducatur.
1169 2488 1178 2513 ,-

148 2556 292 2632 Sextus,
332 2577 392 2639 per
417 2564 664 2640 quem‘praeter
685 2566 771 2643 spem
793 2557 827 2619 iu
854 2556 995 2619 miseriis
1024 2557 1141 2619 demon·

41 2692 44 2697 ¹
145 2674 280 2725 :stratur
299 2686 389 2738 esse;
414 2675 465 2743 et,
490 2688 564 2731 cum
582 2664 711 2746 aliquid
729 2675 950 2747 exspectaret,
974 2687 1041 2726 non
1058 2661 1143 2725 modo

59 2798 64 2802 ·
158 2771 192 2832 id
210 2793 281 2834 ⁴non
301 2772 455 2855 adeptum
480 2794 572 2850 esse,
604 2772 714 2861 sedin
742 2794 884 2850 summas
909 2773 1056 2834 miserias
1077 2769 1146 2845 inci·

157 2879 255 2943 disse.
296 2880 481 2962 Septimus,
511 2903 569 2964 per
589 2902 687 2963 quem
707 2882 752 2942 ad
773 2884 858 2964 ipsos
869 2883 886 2954 ,'
912 2881 970 2963 qui
996 2882 1146 2958 audiunt,

155 2988 298 3050 similem
323 3010 435 3050 casum
462 2990 682 3050 convertimus
708 2999 741 3051 et
766 2991 925 3072 petlmus,
960 2989 1064 3070 ut-de
1090 2988 1149 3050 suis

96 3098 98 3103 ’
159 3087 290 3174 liberis,
324 3098 609 3180 autparentibus,
648 3098 858 3180 autaliquo,
890 3097 1042 3181 qut-iltis
1064 3115 1150 3159 carus

159 3203 275 3267 debeat
290 3226 371 3274 esse,
396 3227 453 3265 uos
471 3228 546 3266 cum
562 3205 706 3282 videant,
729 3205 954 3267 recordentur.
997 3207 1151 3282 Octavus,

160 3331 217 3395 per
235 3332 332 3394 quem
349 3311 475 3395 aliquid
493 3313 615 3374 dicitur
632 3335 701 3375 esse
709 3314 852 3397 sactum,
875 3314 963 3397 quod
983 3337 1048 3376 nou
1066 3334 1153 3397 opor·

146 3405 281 3493 ,tuerit;
306 3430 373 3481 aut·
384 3442 451 3481 non
468 3422 608 3497 fuctum,
631 3422 725 3504 quod,
739 3422 946 3505 oportuerit,
959 3421 1022 3484 hoc
1043 3419 1153 3483 modo:

162 3529 233 3590 Non
263 3529 361 3606 affui,
399 3529 584 3607 nonvidi,
622 3553 687 3593 non
713 3540 914 3614 postremam
945 3528 1014 3614 ejus
1045 3549 1156 3592 vocem

164 3636 293 3713 audivi,
329 3652 394 3697 non
423 3646 600 3698 extremum
627 3636 696 3720 ejus
721 3637 871 3720 spiritum
892 3637 1018 3720 excepi,
1059 3638 1156 3712 Item,

60 3740 63 3744 '
164 3742 426 3829 inimicorum.in
450 3745 597 3806 manibus
621 3757 767 3806 mortuus
792 3757 859 3823 est,
888 3745 1001 3806 hostili
1020 3745 1054 3807 in
1073 3756 1158 3808 terra

164 3853 306 3933 turpiter
322 3850 423 3934 jacuit
441 3853 646 3937 insepultus,
680 3876 697 3914 a
717 3855 794 3917 feris
813 3855 870 3916 diu
888 3865 1044 3940 versatus,
1076 3875 1159 3917 com·

165 3959 256 4019 muni
282 3983 414 4044 quoque
435 3962 560 4026 honore
585 3963 618 4024 in
647 3973 751 4024 morte
774 3964 890 4026 caruit.
938 3966 1071 4041 Nonus,
1104 3982 1159 4045 per

167 4089 264 4150 quem
283 4071 387 4131 oratio
411 4071 452 4132 ad
467 4088 567 4135 mutas
576 4071 590 4146 ,'
611 4084 643 4136 et
657 4085 803 4158 expertes
821 4073 921 4134 animi
936 4095 988 4136 res
1003 4075 1156 4137 refertur:
