2610 4800
304 356 434 663 X
540 456 634 533 339'

363 674 374 697 ⁰
447 652 544 717 nibus
570 655 761 740 explicatis,
801 656 1081 741 peroratumsltt

476 760 667 847 'aposterius
688 754 818 848 praeter
838 766 1085 830 conclusionem

518 870 548 931 .d
568 872 760 933 Terentiam
777 873 922 936 breviter
941 883 975 936 et
995 894 1087 935 com-

456 978 546 1057 aria,
589 1001 674 1062 quae
703 1001 901 1063 cognoscere
931 979 1087 1045 libortum

334 1212 411 1267 acto,
433 1212 460 1257 et
476 1204 549 1271 gnati
565 1203 663 1268 altam,
690 1212 719 1259 et
734 1206 879 1259 consilium
898 1222 989 1260 meunt

277 1321 424 1373 agnosces,
445 1314 489 1367 et,
510 1304 578 1377 quid
594 1304 683 1359 facere
697 1307 726 1358 in
738 1306 790 1359 hac
804 1325 832 1359 re
848 1317 891 1372 te,
917 1307 1008 1361 velim.

139 1528 199 1591 que
234 1508 508 1590 quemadmodum
538 1508 572 1568 in
602 1507 780 1591 partitione
810 1508 1001 1594 proposuit,
1034 1500 1088 1573 'ita

131 1628 195 1680 rrat
215 1618 355 1700 primum
377 1616 466 1699 gnati
487 1616 603 1677 vitam:

251 1779 320 1832 Nam
334 1780 356 1833 is
369 1787 513 1859 postquam
530 1780 647 1833 excessit
662 1798 696 1834 ex
710 1738 839 1854 ephcltis,
859 1778 953 1852 Sosia,

251 1884 376 1937 Liberius
391 1885 502 1937 vivendi
519 1884 572 1938 tuit
590 1894 719 1958 potestas.

131 2035 210 2101 inde
231 2057 328 2100 suum
351 2037 545 2099 consiliumt

351 2204 388 2258 Et
400 2221 475 2258 nunc
488 2204 517 2257 id
533 2222 642 2276 operam
656 2203 701 2258 do.

131 2312 247 2420 stlraac
273 2357 355 2441 quid
383 2357 511 2439 Sosiam
532 2358 613 2422 velit
631 2359 761 2435 faeere,
795 2354 829 2421 id
851 2355 941 2443 qnod
961 2366 1091 2455 postre-¹

131 2484 172 2527 tm
189 2464 305 2550 posuit
321 2465 354 2526 in
375 2464 573 2549 partitione,
597 2476 797 2549 postremum
818 2465 921 2530 dicit:

352 2628 434 2685 Nunc
447 2640 527 2685 tuum
542 2640 584 2684 est
597 2614 723 2684 offiiium.

131 2774 364 2845 ¹etnadmodum
397 2783 584 2866 igitur·hic
618 2794 651 2846 et
680 2781 720 2843 ad
751 2780 887 2865 primam
920 2800 1087 2865 quamque

131 2900 204 2953 tem
220 2891 363 2975 primum
382 2892 541 2968 accersit,
574 2904 607 2953 ct
625 2889 777 2952 omnibus
805 2889 961 2952 absolutis
987 2892 1086 2953 tinem

131 2998 210 3069 andi
233 2986 335 3076 tecit,
359 2999 408 3061 sic
433 3000 527 3061 nobis
545 3000 675 3083 placet,
707 3007 739 3060 et
760 2998 800 3058 ad
814 2999 958 3082 singulas
976 3009 1085 3084 partes

131 3108 258 3185 tedere,
280 3115 331 3188 at,
352 3108 504 3169 omnibus
523 3109 704 3184 absolutis,
726 3128 878 3189 perorare
898 3106 935 3185 ¹).

374 3331 405 3397 c)
445 3323 495 3385 De
516 3326 791 3404 argumentatione.

295 3502 393 3557 Cicero
411 3502 464 3574 (de
479 3506 538 3557 Inv.
554 3504 574 3557 l.
591 3507 612 3558 1.
626 3523 651 3560 c.
667 3509 696 3560 31
713 3505 808 3578 seqq.)
823 3503 873 3576 '').

144 3635 260 3699 Omnis
284 3637 422 3721 (igitur)
447 3643 670 3725 argumentatio
697 3652 753 3703 aut
778 3663 837 3723 per
857 3636 1083 3703 inductionem

131 3746 251 3807 retanda
270 3755 340 3822 est,
371 3749 814 3830 autperratiocinationem.
857 3752 1009 3813 lanucrto
1031 3759 1083 3813 est
1156 3744 1160 3750 ¹

131 3924 145 3996 ’)
167 3929 207 3982 ct.
227 3928 347 3997 cainan.
366 3929 384 3980 1.
401 3928 447 3982 tv.
464 3946 488 3984 e.
503 3936 526 3988 5.

131 4018 148 4090 ')
169 4022 212 4083 Cf.
228 4025 409 4086 Aristoteles,
436 4024 513 4079 nbat
537 4024 596 4079 1.1.
620 4042 643 4081 c.
660 4044 684 4080 2.
702 4035 731 4081 et
749 4026 770 4082 1.
785 4022 821 4081 11.
841 4043 864 4080 c.
882 4044 925 4084 ao.
961 4024 1079 4103 Quintil,

169 4118 234 4185 last,
250 4118 373 4173 onlv.
