2610 4800
148 722 200 777 est
217 713 258 775 ad
275 733 390 775 causas
410 714 579 791 forenses,
615 694 722 795 nequo
743 709 879 772 omnmo
903 710 1176 795 repudiandum

53 810 56 815 ¹
146 821 182 883 si
203 821 292 882 enim
315 841 443 902 semper
463 831 577 897 utare,
593 836 704 903 'quum
723 819 907 881 satietatem
926 820 1038 898 affert,
1060 829 1163 911 turp,

40 962 43 977 ι
148 928 247 1012 quale
268 929 330 1004 sit,
352 928 449 991 etiam
467 929 507 989 ab
530 928 690 1011 imperitis
709 939 915 1010 agnoscetur.
936 964 981 977 --

211 1038 286 1114 Quo
309 1045 417 1097 autem
435 1046 540 1118 pacto
563 1033 677 1097 deceat
695 1037 794 1096 incise
812 1036 1043 1097 membratimve
1061 1018 1142 1116 dici,
1162 1058 1166 1066 ’

66 1159 70 1168 ‘
104 1228 106 1233 ,
147 1143 212 1229 jam
238 1143 437 1222 videbimus,
476 1166 585 1221 nuno,
623 1154 704 1226 quot
729 1142 834 1231 modis
863 1152 1035 1206 mutantur
1061 1165 1140 1206 com·
1188 1180 1191 1231 4

146 1250 382 1335 prehensiones
405 1252 705 1333 conclusionesque
730 1249 904 1311 dicendum
930 1260 989 1312 est.
1011 1286 1052 1298 -
1090 1254 1137 1312 Ia·

149 1360 237 1423 sistit
259 1369 368 1421 autem
392 1358 532 1419 ambitus
557 1357 660 1419 modis
688 1358 837 1440 pluribus
863 1380 880 1420 e
907 1342 1028 1440 quibui
1051 1375 1143 1419 unam

149 1479 200 1531 est
213 1477 318 1529 secuta
333 1470 413 1528 Asin
427 1465 581 1542 maxime,
606 1462 663 1548 qui
678 1469 855 1527 Dichoreos
871 1477 1023 1545 vocatur,
1045 1485 1144 1548 quum

148 1573 214 1636 dno
241 1574 375 1637 extremi
400 1574 516 1636 chorei
544 1583 638 1651 sunt,
672 1573 706 1634 id
734 1585 805 1646 est,
841 1595 859 1636 ε
883 1573 1021 1656 singulis
1044 1572 1145 1655 longis

149 1690 182 1745 et
207 1684 382 1756 brevibus3
398 1745 401 1753 ,
416 1681 656 1765 explanandum
684 1690 735 1742 est
760 1681 867 1756 enirn,
904 1682 994 1764 quod
1016 1683 1055 1743 ab
1075 1680 1148 1742 aliis

148 1788 248 1851 iidem
276 1789 375 1873 pedes
403 1789 475 1849 aliis
504 1795 717 1853 nominantur
745 1788 924 1851 vocabulis.
966 1790 1149 1852 Dichoreus

148 1921 216 1961 non
237 1911 287 1962 est
307 1900 364 1962 iile
387 1899 521 1983 quidem
539 1920 596 1960 sua
613 1910 729 1982 sponte
755 1872 895 1961 vitiosus
917 1899 951 1960 in
979 1900 1149 1978 clausulis,

124 2026 131 2042 “
148 2007 207 2097 sed
222 2007 257 2068 in
274 2008 431 2069 orationis
450 2029 586 2069 numero
603 2006 684 2067 nihil
701 2017 750 2069 est
765 2016 831 2069 tam
848 2007 1028 2083 vitiosum,
1052 2028 1152 2091 quam

147 2115 178 2178 si
206 2137 333 2198 semper
359 2126 409 2177 est
437 2114 534 2177 idem.
584 2114 679 2176 Cadit
709 2124 817 2178 autem
844 2137 903 2198 per
932 2115 1051 2197 seille
1079 2117 1152 2199 ipae

146 2223 332 2308 praeclare3
358 2244 424 2304 quo
448 2223 544 2284 etiam
569 2223 699 2284 satietas
718 2222 924 2284 formidanda
944 2234 993 2286 est
1017 2223 1123 2306 magis.

209 2330 310 2413 Sequi
344 2330 494 2407 videtur,
526 2341 564 2391 ut
588 2330 777 2408 rideamus,
816 2352 901 2416 quae
932 2332 999 2393 sint
1024 2334 1150 2401 incise,

149 2461 233 2522 quae
258 2439 410 2500 nrembra„
466 2438 602 2498 Constat
629 2416 718 2499 enirh
740 2437 795 2535 iile
826 2439 967 2501 ambitus
994 2453 1029 2504 et
1054 2440 1153 2524 plena

149 2546 398 2630 comprehensio
417 2568 433 2607 e
454 2557 596 2628 quatuor¹
614 2548 682 2608 fere
701 2546 868 2628 partibus,
901 2569 986 2629 quae
1007 2549 1151 2611 membra

149 2654 309 2731 dicimus,
332 2662 369 2712 ut
386 2664 417 2715 et
434 2674 528 2715 aures
548 2650 692 2736 impleat,
714 2663 747 2715 et
764 2675 804 2714 ne
820 2655 953 2716 brevior
969 2656 1029 2733 sit,
1053 2674 1151 2740 qnam

148 2762 228 2825 satis
248 2762 312 2838 sit,
338 2783 445 2843 neque
463 2759 602 2842 longior*⁸
646 2764 852 2842 Quamquam
869 2773 1047 2847 utrumque
1069 2785 1153 2825 non-

149 2890 342 2952 nunquam,
379 2868 432 2930 vel
461 2868 571 2952 potins
599 2890 693 2951 saepe
722 2868 862 2945 accidit,
896 2880 943 2932 ut
967 2885 1025 2932 aut
1052 2872 1150 2934 citius

148 2976 369 3039 insistendum
388 2976 451 3051 sit,
483 2987 540 3038 aut
559 2976 689 3058 longius
708 2975 974 3059 procedendum,
1009 3000 1050 3041 ue
1067 2981 1152 3041 -bre-

147 3083 479 3165 vitasdefraudasse
518 3105 611 3144 aures
645 3083 816 3164 rideatur,
859 3107 940 3148 neve
979 3086 1154 3170 longitudo

149 3192 327 3255 obtudisse.
352 3228 390 3239 -
432 3192 459 3252 E
483 3202 625 3287 quatuor
650 3191 750 3274 igitur
773 3193 866 3275 quasi
886 3194 1157 3256 hexametrorum

148 3301 255 3363 instar
278 3320 432 3362 versuum
465 3299 554 3380 quod
579 3300 641 3378 sit,
676 3309 806 3362 constat
838 3303 906 3369 fere
934 3301 1033 3385 plena
1062 3325 1164 3364 com*

148 3407 334 3493 prehensio,
384 3406 441 3468 His
470 3405 573 3488 igitur
607 3405 744 3490 singulis
774 3408 923 3470 versibus
948 3408 1042 3492 qnasi
1074 3402 1168 3473 nodi

150 3526 307 3601 apparent
322 3514 594 3601 continuationis,
617 3539 700 3599 quos
714 3516 748 3576 in
768 3517 891 3580 ambitu
909 3498 1173 3603 conjungimus·

149 3626 207 3688 Sin
229 3623 432 3689 membratim
457 3621 608 3683 volumus
638 3622 768 3701 dicere,
805 3624 1012 3701 insistimus5
1050 3610 1183 3709 idque

152 3753 228 3793 cum
251 3752 332 3814 opus
354 3743 422 3807 est,
460 3730 499 3790 ab
524 3729 586 3789 isto
616 3751 714 3791 cursu
740 3730 902 3792 invidioso
918 3732 1016 3796 facile
1037 3754 1098 3794 nos
1118 3729 1188 3795 eff

152 3859 247 3920 saepe
267 3838 490 3923 disjungimus.
532 3837 595 3898 Sed
618 3838 700 3899 nihil
718 3851 783 3901 tam
801 3839 896 3902 dehet
914 3861 984 3902 esse
1002 3855 1191 3902 numero·

150 3960 292 4021 rosum,
314 3968 411 4029 quam
436 3945 521 4022 hoc,
555 3946 643 4028 quod
668 3947 801 4008 minime
823 3934 976 4030 apparet,
1010 3959 1042 4011 et
1064 3938 1191 4010 val&¹

151 4054 341 4141 plurimum.
382 4055 430 4113 Ex
455 4053 518 4114 hoc
547 4075 665 4135 genere
695 4052 777 4112 illud
804 4064 853 4116 est
876 4056 999 4116 Crassis
1032 4060 1191 4119 Miss0³

149 4164 273 4246 saciant
285 4175 436 4248 patronos
444 4187 456 4231 ;
478 4162 542 4246 ipsi
555 4160 731 4246 prodeant!
754 4198 792 4210 -
834 4163 898 4226 Sed
914 4186 998 4247 quae
1019 4165 1191 4228 incisim
