2610 4800
709 488 794 573 tsu
888 522 891 529 ·

255 698 448 775 ridebatur,
482 696 720 780 probaverunt:
745 697 808 756 ¹alii
832 694 979 757 floridius
999 716 1122 778 genus,
1155 705 1192 757 nt
1214 696 1273 757 ad·

256 798 370 870 alenda
392 793 569 889 primirum
593 814 734 885 aetatum
755 805 886 888 inge-nia
905 805 1006 885 magis
1028 805 1247 879 accommoda·

254 912 335 979 lum.
377 915 445 996 Ego
472 913 611 995 optimos
630 913 791 993 quidem,
830 913 1015 987 et¹stati·m‚
1054 924 1087 976 et
1108 933 1248 996 semper,

256 1023 314 1085 sed
329 1032 436 1081 tamen
454 1041 566 1081 corum
582 1019 851 1081 candidissimum
868 1040 1045 1102 quemque,
1068 1031 1106 1083 et'
1118 1021 1249 1083 maxime

1280 88 1287 345 l

1281 444 1288 523 ι

1283 556 1290 663 l

256 1129 463 1212 expositum,‚
488 1127 605 1203 velim,
636 1138 674 1190 nt
690 1127 854 1189 Liviuma
875 1127 984 1210 pueris
1002 1128 1123 1210 magis,
1159 1151 1250 1212 quam
1292 1154 1295 1195 ε

195 1280 197 1288 ι
256 1225 479 1297 Sallustiume·
500 1238 533 1296 'et
568 1235 623 1296 hic
649 1233 804 1296 historiae
833 1232 937 1318 major
963 1244 1013 1296 est
1041 1247 1176 1310 aneton
1216 1237 1248 1298 ad

172 1426 175 1433 Ι
257 1352 494 1424 quem-tamen·
520 1341 771 1425 intelligendum
805 1341 1053 1426 jam-profectu
1091 1328 1173 1425 opus
1205 1346 1250 1407 sit.
1291 1398 1294 1403 .

258 1450 393 1527 Cicero,
426 1461 463 1512 ut
478 1450 558 1510 mibi
577 1450 710 1533 quidem
731 1449 890 1526 videtur}
909 1459 946 1535 et,
956 1449 1146 1533 jucundus,
1174 1451 1251 1512 in'ci·
1289 1438 1292 1457 ⁵

255 1556 421 1642 pientibus
438 1546 590 1639 quoque,
619 1569 652 1618 et
670 1544 800 1639 apertus
822 1568 871 1620 est
892 1557 1002 1635 natis,·
1024 1580 1085 1620 nee
1104 1560 1250 1641 prodesse

257 1679 395 1742 tantum,
418 1667 474 1728 sed
494 1655 712 1728 etiaim-'amari
730 1651 854 1748 potest:
877 1675 948 1726 lum
967 1654 1252 1748 (quemadmodum

143 1798 163 1823 ν
257 1774 368 1836 Livius
385 1774 562 1858 praecipit)
581 1783 619 1833 ut
638 1774 779 1857 quisque
803 1773 865 1834 erit
886 1773 1038 1835 Ciceroni
1061 1775 1251 1837 simillimus.

258 1898 261 1921 ¹
319 1883 392 1940 Duo
421 1892 534 1947 autem
554 1902 671 1962 genera
696 1882 832 1942 maxime
861 1880 1005 1942 cavenda
1029 1883 1142 1964 pueris
1163 1893 1250 1964 puto:

259 1991 382 2065 buum„
407 2009 447 2049 ne
467 1989 615 2070 quis'eos
636 1988 844 2070 antiquitatis
862 1989 1203 2066 nimiusadmirator,
1225 1992 1250 2050 in

208 2087 211 2091 ’
259 2096 507 2170 Gracchorum,
545 2096 824 2180 {lamnisque-*3⁴5
869 2109 910 2158 et²
933 2097 1072 2158 aliorum
1103 2099 1250 2158 similium

180 2208 184 2219 '
247 2204 401 2274 ¹lectione
422 2204 594 2266 durescere
612 2205 711 2278 velit3
747 2192 933 2267 fieniuenim
949 2205 1075 2273 horridi
1095 2216 1197 2289 atque
1215 2207 1251 2291 je·

257 2308 345 2396 juni:
384 2334 457 2372 nam
477 2332 586 2393 neque
606 2311 673 2372 vim
692 2301 804 2374 eorum
821 2300 942 2373 adhuc
948 2312 1122 2375 intellectu
1146 2337 1246 2378 conse

260 2416 420 2502 quentin,
457 2428 489 2481 et
509 2419 716 2495 elocutione,
758 2441 842 2501 quae
868 2429 954 2479 tum
955 2420 1032 2540 sipe
1015 2419 1161 2482 edubio
1193 2434 1251 2486 erat

261 2515 400 2609 optima,
443 2527 500 2586 sed
533 2527 653 2593 nostris
683 2520 884 2610 temporibus·
908 2527 1046 2605 aliena,
1087 2531 1249 2606 contenti,

261 2634 349 2717 quod
369 2644 416 2695 est
433 2628 627 2716 pessimum,
645 2635 772 2699 similes
792 2630 853 2696 sibi
870 2635 993 2718 mugnis
1008 2635 1086 2696 viris
1103 2638 1252 2699 videbun

260 2736 323 2805 tur.
366 2742 514 2803 Alterum
528 2747 544 2818 '‚'
562 2743 651 2824 quod
670 2743 747 2804 huic
769 2744 934 2805 diversum
953 2757 1022 2820 est,
1057 2764 1097 2804 ne
1114 2745 1252 2806 recentis

258 2850 356 2934 hujus
378 2844 542 2912 [lasciuiae
577 2831 741 2912 flosculis
764 2852 874 2933 capti,
915 2852 1083 2934 voluptate
1118 2852 1254 2933 quadam

258 2980 357 3042 prava
374 2948 594 3034 deliniars'tur3
627 2968 664 3019 ut
685 2958 860 3040 praedulce
877 2958 958 3018 illud
977 2979 1100 3040 genus,
1134 2969 1169 3020 et
1180 2951 1255 3042 'pue-

255 3058 376 3127 'rilibus
392 3065 532 3148 ingeniis
548 3066 611 3127 hoc
626 3067 760 3148 gratius,
782 3088 846 3148 quo
861 3056 995 3149 propius
1011 3076 1073 3143 cst,
1097 3044 1254 3128 adamant

258 3175 376 3236 Firmis
398 3185 505 3236 autem
527 3174 680 3258 judiciis,
712 3172 842 3256 jamque
862 3185 951 3236 extra
973 3173 1157 3257 periculum
1174 3175 1256 3258 posi-

258 3284 320 3360 tis,
353 3283 510 3344 suaserim
535 3270 569 3344 et
596 3282 748 3364 antiquos
762 3281 879 3364 legere
905 3281 1099 3363 (exquibus
1116 3282 1256 3342 siassu·

260 3403 367 3454 matur
397 3392 500 3453 solida
532 3413 570 3454 ac
600 3393 706 3453 virilis
735 3393 856 3476 ingenii
888 3391 961 3469 vis,
1005 3382 1254 3454 deterso'rudia

262 3554 616 3577 -n-h--nn——nnn-
696 3572 700 3582 ,

299 3663 325 3736 'l
350 3664 538 3718 Gracchorum
566 3639 702 3719 orationes
732 3663 939 3722 interciderunt
984 3622 1099 3719 datonis
1124 3665 1201 3719 solus
1224 3660 1253 3717 de

345 3761 511 3827 agricultura
526 3760 598 3812 liber
611 3779 645 3813 ex
664 3761 772 3823 multis,
802 3779 869 3832 quoa
885 3770 959 3813 totus
975 3761 1097 3832 scripsit
1124 3748 1252 3832 superest

347 3856 402 3908 Sed
413 3856 447 3907 de
462 3856 478 3906 li
472 3859 544 3923 ujus
561 3856 622 3906 libri
639 3865 734 3908 autore
750 3872 766 3905 a
780 3854 919 3907 nonnullis
935 3855 1087 3911 dubitatur,
1113 3854 1235 3907 Exstat'
1229 3870 1252 3904 ru

347 3948 464 4003 Colleet.
487 3950 590 4021 seriptt'.
619 3949 666 4001 Rei
687 3950 821 4003 Rarstieae.
852 3950 915 4002 Cur,
937 3950 978 4002 Jo.
1001 3948 1100 4000 Mauh.
1125 3951 1250 4001 Gesneru.

258 4044 269 4075 ¹³
347 4043 419 4114 Lips.
446 4046 520 4112 1735.
541 4051 568 4098 et
592 4046 666 4113 1774.
700 4063 715 4097 o
741 4045 813 4097 Voll.
839 4045 862 4112 4,
894 4072 925 4084 -
958 4045 1006 4100 De,
1030 4044 1109 4096 variis
1141 4042 1250 4097 'Catonia

286 4158 289 4165 ’
346 4132 452 4211 scupis
470 4141 625 4212 nuperrime
645 4139 772 4193 disseruit
793 4144 822 4193 A.
846 4142 927 4192 dion.
964 4141 1150 4207 Goctt.1827.
