2610 4800
604 460 689 540 389

215 662 261 725 Ex
276 660 340 725 bac
361 660 569 746 ingeniorum
587 661 778 725 diversitate
800 670 875 723 nats
903 659 1148 747 dubitationi,

105 776 108 797 ¹
168 768 204 831 nl
226 770 357 847 versun!
384 774 428 833 sit
458 768 662 833 ediscendum
688 770 847 843 dicturis,
886 790 929 831 an
956 772 1024 831 vim
1052 768 1148 831 niodo

167 894 254 941 teram
278 892 370 964 etque
399 878 544 941 ordinem
562 880 729 959 complecti
742 880 818 939 satis
834 878 892 940 sit.-
920 876 960 939 de
985 897 1050 960 qno
1077 875 1150 939 sios

167 984 251 1049 lubio
276 1008 341 1049 non
361 996 471 1071 potest
492 983 980 1069 inuniversampronuncisri.
1022 984 1103 1045 Nam
1120 980 1150 1043 si

164 1094 305 1155 memoria
331 1094 545 1177 suffragatur,
579 1103 709 1176 tempus
730 1114 795 1154 non
818 1092 943 1169 defuit,
979 1090 1071 1153 nulla
1098 1112 1151 1152 ms

163 1188 251 1263 telina
268 1200 397 1285 syllaba
404 1201 553 1283 effugiat:
576 1199 698 1283 alioqui
713 1200 810 1263 etiam
828 1196 971 1262 scribere
986 1200 1029 1261 sit
1044 1218 1152 1281 super·

160 1326 302 1369 sacuam.
334 1308 436 1391 ldque
454 1308 628 1392 praecipue
643 1330 661 1367 a
678 1307 787 1391 pneris
804 1307 1031 1382 obtinendum,
1054 1314 1151 1389 atque

159 1413 296 1479 iabsnc
322 1414 597 1477 consuetudinem
619 1415 775 1477 memoria
804 1413 1038 1477 exercitatione
1063 1413 1152 1475 redi-

157 1524 277 1607 genda,
301 1523 453 1585 ns·nobis
474 1523 638 1585 diseamus
658 1522 836 1607 ignoscere.
878 1522 1019 1604 Ideoque
1043 1531 1076 1583 et
1093 1519 1152 1580 ad-

158 1630 301 1707 moneri,
335 1643 369 1695 et
395 1630 436 1691 ad
463 1630 611 1693 libellum
638 1631 818 1714 respiscere
848 1630 1040 1708 vitiosum„
1064 1628 1152 1712 quod

158 1737 337 1803 lmematem
353 1738 568 1823 negligentiae
587 1739 689 1817 lacit,
712 1760 774 1801 nec
793 1738 964 1822 quisquam
986 1758 1152 1821 ceparum

158 1832 266 1911 haere
289 1845 435 1931 judicat,
469 1845 576 1930 quod,
610 1868 651 1908 ne
681 1847 742 1908 sibi
768 1846 915 1923 excidat,
955 1866 1021 1907 non
1048 1845 1151 1907 timet.

105 1960 107 1967 ’
156 1954 234 2019 Inde
262 1954 467 2038 interruptas
494 1953 636 2015 actionis
664 1952 826 2037 impetus,
870 1965 905 2016 et
931 1953 1088 2015 resistens
1113 1972 1152 2012 se

105 2064 108 2079 ¹
157 2062 318 2125 salebrosa
341 2061 468 2139 oratio,
491 2061 596 2145 etqui
613 2059 696 2123 dicit
716 2059 874 2123 ediscenti
894 2059 1032 2135 similis,
1055 2059 1153 2121 etiam

154 2190 286 2233 omnent
303 2170 388 2232 bene
405 2169 600 2252 scriptorum
618 2168 754 2251 gratiam
772 2167 880 2250 perdit
897 2167 947 2229 vel
971 2167 1035 2229 hoc
1058 2166 1151 2250 ipso,

152 2268 241 2363 qnod
271 2275 441 2359 scripsisse
468 2296 501 2338 se
531 2256 717 2338 confitetur.
759 2275 914 2338 Memoria
940 2286 1048 2338 autem
1071 2274 1155 2335 lacit

150 2384 254 2449 esiam
274 2384 417 2469 prompti
440 2382 562 2467 ingenii
581 2384 721 2461 samam,
744 2392 782 2445 ut
802 2383 879 2461 illa,
901 2403 984 2466 quae
999 2381 1152 2471 dicimus,

105 2538 107 2545 ·
151 2512 220 2555 non
239 2488 337 2553 domo
354 2489 523 2566 attulisse,
547 2488 605 2552 sed
622 2491 666 2551 ibi
683 2490 835 2574 protinus
852 2488 1027 2573 sumpsisse
1044 2486 1155 2550 rides·

108 2636 111 2641 ·
148 2620 246 2663 mure
277 2597 366 2681 quod
392 2606 426 2660 et
452 2598 573 2658 oratori
603 2597 715 2680 stipsi
737 2618 853 2660 causae
875 2596 1052 2679 plurimum
1073 2617 1155 2658 con·

141 2710 226 2773 sere
250 2706 351 2769 ''Nsm
368 2713 401 2767 et
419 2706 519 2791 magis
540 2705 678 2769 miratur
690 2751 699 2783 ,
731 2714 764 2769 et
791 2706 900 2766 minus
925 2704 1018 2766 timet
1036 2701 1154 2786 judex,

148 2836 238 2899 qnae
264 2835 332 2875 non
358 2822 452 2896 putat
479 2812 634 2875 adversus
665 2834 700 2875 se
726 2823 928 2895 praeparata.
978 2815 1089 2896 ltaque
1118 2812 1154 2873 in
1272 2834 1275 2839 ·

148 2921 341 2985 actionibus
357 2921 444 2982 inter
459 2921 631 3006 praecipua
647 2922 843 2982 servandum
859 2931 920 2998 est,
943 2920 1155 3003 ut'quaedam

105 3074 108 3115 3
149 3028 275 3103 etiam,
305 3050 387 3111 quae
405 3030 527 3111 optime
546 3029 730 3106 vinximus,
763 3029 855 3091 velut
874 3029 980 3091 soluta
998 3027 1156 3090 enuncie-

149 3157 251 3213 ιιιιιο,Ι
288 3144 322 3199 et
349 3136 569 3219 cogitantibus
601 3159 837 3219 nonnunquam
870 3146 903 3199 et
929 3135 1154 3198 dubitantibus

153 3242 281 3307 similes
308 3264 463 3327 quaerere
490 3243 682 3323 videamur,
724 3266 807 3328 quae
839 3244 1019 3304 attulimus.
1070 3244 1156 3327 Ergo

153 3350 236 3435 qnid
252 3350 296 3411 sit
312 3350 483 3434 optimum,
506 3351 670 3413 neminem
687 3352 781 3435 fugit.
824 3351 857 3413 Si
872 3374 950 3413 vero
968 3363 1024 3412 sut
1040 3341 1157 3413 memo·

154 3458 204 3521 ria
226 3468 343 3519 natura
362 3457 475 3519 durior
494 3458 555 3521 erit
566 3505 576 3539 ,
607 3470 664 3521 aut
683 3482 749 3522 non
769 3460 999 3544 suffragabitur
1014 3468 1155 3545 tempus,

157 3568 255 3631 etiarn
282 3566 399 3629 inutile
420 3568 481 3629 erit
500 3568 541 3630 ad
560 3569 667 3630 omnia
695 3590 729 3634 se
755 3571 853 3631 verba
872 3569 1023 3653 alligare,
1055 3589 1155 3649 quum

157 3674 280 3737 oblivio
297 3674 397 3736 nnius
416 3698 528 3737 eorum
548 3675 742 3759 cujuslibet,
773 3688 835 3740 aut.
850 3676 1030 3738 deformem
1048 3674 1157 3738 baesi-

158 3782 336 3859 tationem,
378 3794 435 3844 sat
465 3786 562 3846 etiam
593 3784 759 3846 silentium
790 3783 947 3854 inducat;
988 3782 1157 3867 tutiusque

160 3888 281 3967 multo,
314 3891 558 3975 comprehensis
578 3893 688 3953 animo
712 3893 807 3954 rebus
836 3890 937 3974 ipsis,
971 3890 1156 3953 libertatem

162 3995 222 4057 sibi
251 3996 427 4085 eloquendi
456 4000 651 4083 relinquere.
707 4000 788 4059 Num
819 4010 852 4062 et
889 3998 1013 4061 invitus
1049 3995 1157 4082 perdit
1204 4069 1209 4093 ἱ

162 4104 294 4190 quisque
308 4104 355 4186 id,
378 4106 466 4191 quod
483 4107 634 4191 elegerat,
659 4107 810 4169 verbum:
834 4127 895 4168 nec
912 4107 1009 4170 facile
1025 4104 1156 4191 reponit
