2610 4800
552 424 635 503 115

131 625 186 689 rod
205 626 325 710 ἰσχνὸν
342 635 481 698 vocant3
505 624 645 689 aiterum
658 616 782 709 prado
796 622 897 705 stqas
913 621 1093 698 robustam,

131 735 187 823 sod
203 735 307 819 ἁδρὸν
327 734 552 807 constituunt;
576 732 709 795 tertium
726 730 782 793 aiii
799 731 936 827 spedista
955 738 992 792 e'r
1012 733 1094 793 dao-

131 830 178 921 ια’,
206 842 455 924 aiii-floridum,
483 847 642 923 (namque
666 838 701 901 id
722 838 870 921 ἀνθηρὸν
891 838 1093 922 adpellant),

131 950 304 1013 {uiderunt
327 953 475 1028 Quorum
486 962 593 1011 tamen
607 969 642 1009 ea
655 948 723 1009 sere
734 946 816 1009 ratio
829 957 890 1023 est,
908 957 944 1006 ut
955 948 1094 1031 primurn

131 1059 254 1133 scendi,
281 1046 463 1121 secandum
480 1055 645 1128 movendi,
673 1056 808 1116 tertium
828 1055 912 1115 iilud
930 1067 1096 1117 utrocum-

131 1188 164 1229 ιο
175 1166 306 1229 nomine
318 1164 498 1227 delectandi
507 1165 574 1225 sive
585 1162 674 1224 aiiud
686 1163 961 1224 interconcilisndi
970 1164 998 1235 ³)
1007 1183 1096 1245 prae·

131 1294 185 1337 ere
199 1273 349 1337 videatur
363 1272 515 1333 officium.
557 1274 593 1332 ln
611 1271 759 1333 docendo
776 1283 883 1332 autern
902 1292 1042 1348 econtra,
1060 1271 1094 1331 in

131 1380 307 1471 insiliando
327 1383 460 1453 tenitas,
482 1380 516 1441 in
541 1379 703 1450 monendo
722 1382 858 1460 gravatas
878 1379 1029 1440 rideatur
1042 1379 1096 1455 ¹¹¹)-

161 1492 278 1571 ltaque
307 1488 364 1547 ilio
393 1488 504 1549 subtili
530 1485 705 1569 praecipue
733 1487 814 1548 rati0
841 1486 993 1546 narrandi
1021 1509 1096 1567 pro-

131 1596 267 1679 indique
278 1597 437 1657 consistet
447 1622 456 1668 ς
474 1593 734 1676 sedquodetinrn
745 1594 1098 1655 detractisoeterisvir-

131 1706 227 1769 silus
247 1724 308 1765 suo
322 1724 440 1784 genere
457 1703 590 1789 plenum
602 1701 674 1780 m).
717 1701 842 1764 Medius
858 1702 911 1763 bio
930 1701 1045 1761 modos
1066 1712 1098 1762 et

131 1838 454 1861 ...,.......-..-..

145 1880 370 1966 Umbennum,
405 1918 477 1973 quae
503 1900 581 1954 velut
608 1908 665 1953 sata
693 1899 828 1971 quaedam
861 1900 939 1954 coelo
971 1909 1098 1971 terraque

189 1998 373 2065 degenerant,
394 2012 514 2068 saporem
538 1996 616 2048 ilium
633 1995 752 2048 Atticum
767 1997 907 2065 peregrino
922 1997 1097 2051 miscuerunt.

186 2094 267 2147 Lenti
289 2111 351 2159 ergo
374 2091 484 2162 quidem
508 2106 540 2142 ae
566 2090 668 2143 remissi
692 2107 747 2143 non
769 2092 826 2143 sine
848 2091 968 2162 pondere
989 2101 1097 2155 tarnem
1180 2098 1183 2103 '

185 2204 279 2258 neque
303 2185 424 2238 sontibus
451 2185 540 2256 puris,
577 2203 669 2256 neque
697 2185 861 2237 torrentibus
882 2184 1016 2248 turbidis,
1052 2185 1101 2237 sed

187 2281 298 2335 lenibus
315 2282 414 2347 stagnis
432 2281 531 2332 similes
545 2279 688 2332 habentur.
725 2279 810 2332 Neruo
825 2281 907 2347 igitur
921 2268 1098 2344 dubitaverit,

186 2377 270 2444 longe
298 2393 355 2428 esse
383 2376 514 2445 optimum
539 2392 622 2442 genus
647 2375 805 2427 Atticorum.
850 2377 882 2426 ln
905 2392 977 2445 quo,
1006 2385 1037 2427 ut
1060 2385 1101 2427 est

188 2471 295 2543 aliquid
307 2473 380 2525 inter
394 2471 463 2540 ipsos
478 2487 632 2530 commune,
652 2470 681 2521 id
695 2479 745 2527 est.
764 2446 898 2536 judicium
911 2488 972 2523 acre
987 2479 1102 2523 tersum-

186 2585 262 2638 que,
288 2566 327 2616 ita
354 2565 522 2630 ingeniorum
545 2565 687 2635 plurimae'
701 2564 808 2617 formae.
845 2564 1017 2638 Quapropter
1035 2565 1102 2616 mihi

187 2661 249 2713 salli
271 2661 390 2711 muitum
408 2660 553 2724 videntur,
581 2660 628 2730 qui
649 2659 720 2711 solos
743 2661 848 2711 Atticos
866 2659 984 2712 credunt
1003 2668 1101 2712 tenues

191 2766 220 2810 ot
237 2755 345 2808 lucidos
370 2765 398 2806 et
419 2755 619 2821 significantes,
648 2754 695 2807 sed
719 2754 836 2824 quadarn
855 2754 1030 2825 eloquentiae
1047 2756 1103 2807 sru-

191 2850 304 2918 galitats
322 2859 484 2912 contentos,
512 2866 544 2902 ac
562 2867 667 2920 semper
685 2867 795 2900 manum
813 2850 883 2901 intra
901 2851 1016 2919 pallium
1037 2868 1103 2902 con-

190 2946 319 2999 tinentes.
339 2975 371 2985 -
391 2974 423 2985 -
459 2945 546 3015 (Cum
564 2944 617 2998 boo
635 2944 761 2997 Fabiide
776 2945 996 3013 generedicendi
1013 2947 1103 2997 Attico

192 3042 284 3112 deque
305 3044 363 3109 ejus
387 3040 549 3093 amatoribus
566 3040 669 3108 judicio
687 3042 797 3093 omnino
812 3042 1000 3110 ¹comparanda
1016 3051 1101 3105 siant,

191 3152 265 3207 quae
283 3138 381 3188 Cicero
396 3137 424 3187 in
438 3136 522 3186 Bruto
538 3135 578 3205 (c.
595 3135 656 3204 82.)
670 3151 720 3187 nec
735 3151 791 3185 non
808 3134 836 3184 in
852 3135 924 3185 Orat.
940 3134 981 3205 (c.
998 3152 1011 3203 7
1027 3133 1105 3204 sqq.)

191 3232 308 3304 profert,
328 3248 455 3302 quaeque
472 3231 568 3283 Noster
582 3231 692 3281 mutatis
708 3230 898 3282 tantummodo
912 3229 1000 3283 verbis
1016 3230 1062 3283 bio
1077 3239 1105 3283 et

192 3327 414 3397 insequentibus
434 3326 572 3397 expressit.
592 3353 624 3364 -
639 3386 643 3395 ι
661 3324 800 3381 Ciceronis
813 3322 897 3396 ipsius
911 3326 946 3377 de
962 3325 1104 3392 generibus

192 3420 303 3472 dicendi
325 3430 468 3491 praecepta
489 3420 558 3472 infra
572 3420 601 3471 in
623 3403 800 3473 tractamus
817 3430 873 3473 arte
890 3420 1005 3472 oratoria
1019 3419 1105 3472 fusius

194 3513 433 3586 explicabuntur).

139 3607 166 3680 ‘J
192 3611 445 3663 lsrsncoscnusnr
462 3609 575 3663 verbum
594 3609 641 3665 vix
662 3607 729 3662 alias
749 3608 854 3677 legeris.
891 3606 931 3659 ef.
948 3605 993 3663 ed.
1013 3604 1106 3679 Sp'ald·

192 3703 256 3759 Vol.
274 3704 321 3759 lv.
339 3723 365 3776 p·
380 3708 442 3759 661.

131 3796 171 3870 ⁵*)
195 3799 238 3855 cf.
254 3799 290 3851 ad
304 3799 379 3852 hune
393 3799 446 3851 loc.
464 3799 562 3851 Cicero
579 3798 632 3869 (or.
647 3813 670 3850 c.
684 3794 758 3867 21.):
782 3795 883 3850 subtile
899 3790 1105 3867 inprobando,

195 3893 335 3948 modicum
353 3894 382 3946 in
397 3892 580 3956 delectando,
599 3892 746 3945 vehemens
761 3892 789 3943 in
801 3888 951 3961 flectendo.

131 3985 180 4058 Μ)
196 3988 239 4042 De
254 4006 352 4056 genere
370 3986 424 4042 boe
439 3989 517 4042 tenui
536 3987 629 4041 scribit
646 3987 766 4040 Demetr.
801 3987 867 4051 Τὴν
884 3983 916 4042 tt
937 3983 1015 4058 λέξιν
1031 3978 1108 4040 εἶναι

196 4087 298 4141 πᾶσαν
312 4087 369 4160 χρὴ
384 4083 488 4160 κυρίαν
503 4089 555 4139 καὶ
570 4083 683 4152 συνήθη
692 4124 702 4158 ,
721 4084 892 4159 μικρότερον
907 4084 961 4157 γὰρ
975 4099 1011 4138 το
1028 4096 1094 4137 soar

888 4180 909 4240 8
