2610 4800
600 405 683 481 306

146 601 321 666 collocatio
340 599 459 681 triplex
475 608 533 660 est.
577 597 643 661 Aut
659 578 950 682 enimtempornm
967 597 1110 661 serrandus

146 722 196 772 est
214 709 313 792 ordo,
336 717 393 767 aut
413 706 561 787 inprimis
579 705 841 768 recentissimum
862 703 1017 786 quodque
1033 704 1114 767 ‹liceu

147 817 248 907 dum,
273 824 331 876 aut
360 814 462 874 multa
490 825 522 875 et
547 813 636 874 varia
660 814 746 875 facta
772 812 803 872 in
829 811 960 894 propria
986 796 1116 874 s'irtutun
1140 888 1143 893 Ι

146 945 265 1006 genera
282 933 361 983 sunt
380 920 559 1002 dirigenda.
602 921 665 981 Sed
682 920 737 981 bic
754 919 847 981 locus
866 918 1028 981 uirtutum
1041 932 1118 1003 atque
1140 926 1144 939 '

146 1029 301 1091 vitiorum
322 1027 478 1090 latissime
503 1040 618 1110 patens
645 1049 682 1089 ex
703 1027 812 1089 multis
833 1038 865 1089 et
880 1025 1121 1109 'variisdisputt-

146 1121 291 1201 tionibus
313 1158 401 1198 natue
418 1136 461 1196 iu
489 1136 650 1219 quandam
673 1146 841 1218 angustam
860 1144 892 1196 et
910 1136 1039 1197 brevem
1059 1154 1120 1197 con·

147 1245 308 1308 cludetur.
350 1245 409 1306 Est
436 1243 534 1326 igitur
560 1245 609 1305 sis
639 1243 772 1304 virtutis
803 1238 940 1326 duplex:
976 1252 1033 1304 eut
1055 1240 1122 1337 euin

147 1353 285 1415 scientia
317 1350 465 1413 cernitur
500 1351 629 1427 virtus,
664 1362 722 1414 aut
756 1349 895 1415 actione.
947 1350 1034 1410 Nam·
1058 1368 1123 1432 qaut

147 1459 337 1544 prudentia,
369 1481 452 1543 quae
480 1459 662 1536 calliditas,
699 1478 850 1541 quaeque
872 1455 1062 1540 gravissimo
1080 1476 1124 1519 no·

147 1568 235 1631 mine
262 1567 420 1651 sapientia
446 1565 650 1648 adpellatur,
682 1567 763 1628 haec
783 1564 923 1627 scientia
942 1565 1046 1650 pollet
1065 1586 1124 1625 una

51 1728 58 1753 ,
147 1678 239 1756 Quae
274 1697 352 1736 vero
392 1673 597 1735 moderandis
635 1673 888 1756 cupiditatibus,
927 1672 1126 1757 regendisque

148 1782 248 1845 animi
273 1782 413 1844 motibus
437 1781 604 1860 laudatur,
636 1779 704 1865 ejus
727 1792 776 1843 est
804 1801 923 1841 munus
945 1778 981 1841 in
1002 1778 1125 1863 agendo,

149 1890 203 1953 cui
232 1889 465 1974 temperantiae
493 1911 611 1950 nomen
643 1896 701 1950 est.
752 1889 862 1971 Atque
889 1885 947 1950 illa
971 1884 1126 1974 prudentia

149 1997 273 2060 inanis
298 1998 414 2075 rebus,
451 1996 650 2072 domestica3
690 1997 724 2058 in
754 1995 912 2081 publicis,
950 1992 1144 2081 civilisUad'

147 2104 263 2191 pellari
280 2104 374 2167 solet.
417 2105 645 2187 Temperantia
663 2115 772 2179 autem
792 2105 825 2165 in
845 2125 919 2166 suus
941 2104 1054 2167 itidem
1071 2122 1125 2178 ret,
1147 2152 1166 2221 q

148 2215 234 2278 etin
255 2236 443 2277 commones
469 2213 644 2276 distributa
670 2222 740 2291 est,
772 2211 967 2297 duobusque
989 2206 1127 2274 modis⁸iu
1159 2230 1166 2291 t

148 2322 442 2401 rehus,commodis
459 2321 677 2394 discernitur;
701 2331 734 2384 et
748 2316 801 2405 ea„
825 2343 910 2404 quse
926 2322 1057 2398 absunt,
1077 2338 1129 2379 noo
1162 2300 1166 2365 l

149 2430 351 2514 expetendo,
387 2440 421 2493 ct
449 2432 487 2492 ub
514 2429 571 2508 iis,
604 2451 688 2513 quae
711 2429 744 2490 in
771 2439 932 2513 potestate
960 2438 1060 2506 sunt,
1086 2426 1132 2487 al·

97 2615 100 2621 .
149 2538 314 2609 stinendo.
361 2543 401 2602 In
434 2540 529 2602 rebus
564 2548 671 2600 nutem
703 2537 918 2600 incommodis
952 2526 1014 2600 est·
1036 2537 1166 2621 itidem*¹

149 2645 287 2731 duplex:
320 2669 394 2707 nam
420 2646 736 2729 quaevenientibus
762 2643 855 2706 mulis
889 2626 1021 2722 olistat,
1053 2642 1135 2707 foui·

148 2756 248 2828 tud03
281 2776 364 2838 quae
388 2755 475 2838 qnod
497 2752 560 2838 jam
586 2755 700 2828 adest,
729 2753 847 2816 tolerat
865 2762 899 2815 et
915 2754 1061 2837 perfert,
1088 2770 1136 2837 p·-

148 2863 264 2929 tientia
297 2863 493 2926 nominatur.
547 2866 640 2942 Quae
673 2872 778 2924 autem
813 2862 892 2941 haec
928 2882 997 2923 uuo
1030 2878 1137 2945 genere

151 2971 401 3054 complectitur,
441 2970 630 3054 magnitudo
664 2969 764 3031 animi
795 2968 936 3044 dicitnr,
973 2966 1069 3050 cujus
1096 2974 1138 3029 cti

149 3078 329 3143 liberalitas
351 3079 384 3139 in
405 3100 466 3140 usu
488 3078 666 3161 pecuniae,
697 3077 861 3161 simulque
887 3075 1030 3139 altitudo
1047 3068 1140 3137 enini

125 3195 128 3201 “
150 3185 184 3247 in
204 3186 371 3270 capiendis
388 3186 603 3248 incommodis
620 3200 654 3249 et
669 3185 806 3247 maxime
821 3183 948 3268 injuriis
958 3206 975 3275 ει
991 3193 1024 3247 et
1039 3204 1140 3259 omne,

151 3294 240 3378 quod
273 3304 323 3354 est
356 3290 424 3373 ejus
459 3293 605 3375 generis,
645 3316 760 3378 grave,
795 3293 962 3370 sedatum,
994 3292 1048 3355 rel
1081 3310 1142 3363 nou

152 3402 390 3463 turbulentum.
456 3402 493 3461 ln
530 3401 757 3463 communione
785 3412 895 3462 autem
926 3422 1012 3483 quae
1040 3399 1144 3483 posita

153 3531 227 3593 pars
256 3519 324 3584 est,
356 3506 483 3591 justitia
506 3508 646 3585 dicitnr,
676 3515 778 3590 eaque
807 3530 880 3591 erga
910 3507 989 3571 deos
1013 3508 1143 3591 religio,

154 3637 228 3698 erga
251 3626 401 3699 parentes
430 3616 553 3701 pietas,
585 3617 681 3700 vulgo
707 3624 815 3677 autem
836 3615 983 3688 leonitas3
1014 3614 1144 3679 creditis

155 3722 190 3782 iu
209 3725 312 3784 'rebus
334 3724 433 3801 fides,
462 3724 496 3785 in
526 3725 746 3787 moderatione
765 3722 1146 3787 animadvertendi-leni·

155 3840 222 3905 tas,
251 3832 394 3894 amicitia
418 3832 450 3892 in
470 3831 700 3895 benevolentia
720 3832 919 3892 nominatur.
963 3832 1075 3914 Atque
1088 3830 1146 3892 liae

157 3937 290 4021 quidem
313 3940 451 4001 virtutes
484 3951 666 4002 cernuntur
691 3941 724 4000 iu
751 3925 885 4023 agendo.
925 3939 1011 4001 Sunt
1042 3949 1148 4000 autem

157 4044 239 4105 uliae
259 4045 352 4127 quasi
378 4047 545 4109 ministrae
568 4039 771 4131 comitesque
787 4047 981 4131 sapientiae:
1012 4068 1148 4131 quarum
