2610 4800
591 392 675 469 108

43 683 46 692 Ι
129 595 295 684 pondere,
319 600 353 657 et
366 590 492 657 viribus
503 591 765 670 sententiarum,
787 591 816 655 si
833 592 887 656 vel
906 591 1021 667 inania
1039 580 1134 658 rerba

132 703 167 765 in
185 703 245 764 hos
267 699 380 762 modos
402 698 629 795 depravarint,
660 709 802 763 summos
824 722 859 763 se
883 698 1037 786 judicent
1060 701 1136 765 arti-

133 811 235 886 fices,
269 808 411 891 ideoque
429 828 495 895 non
517 807 675 870 desinunt
696 829 749 870 eas
772 818 936 873 necteres
959 829 1044 893 quas
1070 810 1136 875 sina

66 895 69 901 Ι
134 917 359 995 substantia*)
379 916 515 995 sectari,
545 927 612 980 tam
630 927 679 978 est
696 907 895 995 ridiculum,
925 938 1027 1000 quam
1041 941 1138 1002 quae-
1179 966 1181 997 ,

134 1047 207 1090 rere
234 1025 387 1095 habitum,
405 1035 597 1108 gestumque
627 1026 699 1087 sine
734 1047 881 1108 corpore.
923 1026 988 1089 Sed
1012 1049 1057 1092 ne
1081 1028 1138 1092 hae
1179 1002 1181 1007 Ι

136 1134 304 1223 quidem,¹
333 1154 417 1216 quae
442 1142 531 1194 recte
561 1133 664 1211 fiunt,
706 1131 891 1218 densandae
923 1142 1002 1196 sunt
1035 1134 1138 1197 nimir.

133 1245 216 1325 Nam
230 1253 263 1306 et
276 1241 388 1305 vultus
401 1242 537 1304 mutatio
553 1241 790 1325 oculorumque
804 1228 978 1326 conjectus
996 1243 1137 1307 multum

96 1408 99 1413 .
135 1351 170 1415 iu
190 1363 267 1414 actu
283 1351 391 1426 valet;
427 1350 483 1412 sed
506 1349 532 1410 si
551 1351 624 1437 quis
647 1350 768 1413 ducere
788 1373 823 1413 os
845 1341 1018 1434 exquisitis
1038 1351 1137 1413 modis

133 1469 169 1522 et
184 1461 302 1522 frontis
322 1482 360 1523 ac
379 1459 541 1521 luminum
567 1458 791 1522 inconstantia
813 1459 976 1543 trepidare
994 1481 1064 1521 non
1087 1459 1139 1523 de-

96 1568 103 1589 ““
136 1567 244 1648 sinat,
277 1568 434 1635 rideatur.
463 1603 505 1617 -
547 1565 726 1632 Sciendum
749 1566 1028 1650 veroinprimis,
1064 1565 1141 1652 quid

109 1706 113 1713 “
136 1677 279 1760 quisque
301 1678 336 1740 in
356 1677 478 1739 orando
496 1676 643 1762 postulet
662 1679 765 1750 locus,
788 1674 870 1759 quid
887 1690 1041 1760 persona,
1063 1666 1141 1758 quid

135 1799 264 1874 tempus.
314 1786 417 1872 Major
442 1787 531 1848 enim
550 1807 622 1870 pars
638 1785 756 1845 irarum
775 1783 1076 1867 figurarumposita
1095 1791 1141 1847 est

136 1890 172 1954 in
191 1894 417 1958 delectatione.
461 1893 524 1955 Uhi
543 1914 620 1956 vero
645 1891 838 1969 atrocitate,
868 1890 1013 1969 invidia,
1035 1888 1140 1954 ‘mise-

136 2001 264 2069 ratione
285 2002 497 2086 pugnandum
515 2011 584 2076 est;
618 2000 696 2084 quis'
718 2000 801 2062 ferat
826 1998 1079 2089 contrapositio,
1111 2006 1141 2061 et

136 2090 265 2195 pariter
282 2109 496 2186 cadentibus,
520 2119 552 2172 et
572 2107 799 2174 consimilibus
819 2107 1039 2192 irascentem,
1062 2106 1140 2169 ilen-

137 2226 224 2295 tem,
247 2217 437 2304 rogantem?
461 2239 536 2291 cum
552 2216 585 2276 in
605 2216 657 2277 his
674 2216 771 2278 rebus
792 2237 871 2277 cura
891 2206 1069 2276 verborum
1086 2215 1138 2278 de·

137 2334 231 2407 roget
247 2319 418 2397 affectibus
440 2325 553 2400 fidem5
590 2335 623 2387 et
642 2323 844 2408 ubicumque
864 2342 915 2386 ars
935 2332 1138 2403 ostentatur,

139 2431 261 2495 veritas
277 2433 389 2496 abesse
407 2434 562 2505 videatur,
575 2435 630 2514 **).
928 2438 930 2442 ’

174 2629 199 2702 *)
225 2634 293 2687 Alii:
312 2637 373 2688 sine
389 2637 538 2687 sententia.
880 2618 887 2645 ¹
984 2620 990 2635 Ι

164 2723 204 2799 **)
229 2729 271 2782 De
287 2721 376 2798 figuris
386 2709 452 2784 varii
467 2731 539 2783 inter
556 2738 661 2782 veteres
675 2745 725 2782 suo
740 2725 953 2800 quisquemodo
969 2725 1143 2796 scripserunt.

227 2826 344 2892 Dionys.
358 2827 507 2879 Halicarn.
531 2845 556 2880 v.
572 2843 594 2894 g.
616 2832 691 2878 totus
706 2824 789 2877 estin
805 2821 974 2893 explicandis
989 2830 1145 2875 controver-

227 2921 290 2986 siis,
319 2908 484 2984 indicunt,
503 2922 661 2996 figuratis,
688 2921 723 2973 de
740 2918 842 2990 quibus
859 2917 929 2969 haec
949 2917 1146 2982 Quintilianus

226 3015 327 3069 habet:
354 3017 415 3070 Jam
430 3017 503 3069 enim
520 3017 555 3067 ad
569 3016 598 3066 id
612 3033 714 3083 genus,
735 3013 811 3086 quod
827 3011 1080 3084 frequentissimum
1095 3019 1145 3076 est,

229 3122 257 3166 ct
276 3113 416 3184 expectari
434 3112 551 3165 monime
574 3111 673 3175 eredo,
706 3109 874 3165 veniendum
898 3116 955 3171 est,
982 3107 1011 3158 in
1026 3124 1085 3178 quo
1099 3123 1148 3179 ger

140 3230 143 3235 ·
228 3204 368 3280 quandam
380 3209 573 3279 suspicionem,
595 3205 671 3278 quod
683 3222 740 3257 non
755 3205 881 3268 dicimus,
901 3202 992 3272 accipi
1001 3200 1147 3271 volumus3

227 3320 284 3358 non
300 3304 399 3377 utique
415 3303 598 3366 centrarium,
626 3307 658 3352 ut
674 3301 703 3352 in
718 3301 863 3376 εἰρωνείᾳ,
883 3297 932 3351 sed
946 3295 1023 3348 aliud
1038 3295 1149 3362 latens,

228 3406 257 3450 et
278 3397 398 3448 auditori
423 3398 500 3467 quasi
524 3395 736 3448 inveniendum:
763 3393 855 3465 quod,
884 3401 914 3443 ut
935 3408 1015 3461 supra
1037 3390 1151 3445 ostendi

229 3492 304 3563 (scil.
320 3491 375 3543 hoc
395 3492 452 3561 ipso
468 3490 516 3542 lib.
540 3507 564 3544 c.
584 3507 604 3542 1.
627 3491 649 3557 t.
669 3487 739 3559 14),
758 3490 811 3556 jam
827 3487 884 3540 fere
899 3490 988 3540 solum
1006 3485 1151 3541 schemae

227 3588 326 3640 nostris
341 3595 471 3650 vocatur,
492 3594 521 3638 et
535 3584 609 3638 unde
624 3586 830 3638 controversiae
839 3584 990 3663 figuratas
1005 3580 1150 3636 dicuntur.

228 3681 266 3752 (l.
284 3684 329 3736 Ill.
345 3700 368 3737 c.
386 3703 409 3737 a.
427 3685 449 3750 ᾗ.
464 3680 528 3751 65.)

279 3779 414 3846 Dionysii
426 3777 592 3833 sententiam
605 3775 680 3844 legas
693 3775 723 3827 in
738 3776 795 3844 ojus
811 3774 919 3827 Rhetor.
936 3787 959 3826 c.
972 3773 1044 3828 VIII
1055 3780 1091 3826 et
1104 3772 1152 3827 11.

230 3872 380 3926 Doctrinae
402 3891 506 3926 summa
531 3872 574 3924 his
593 3871 727 3925 contineri
750 3871 873 3924 videtur:
893 3866 978 3925 Ἔστι
993 3872 1054 3924 τῶν
1075 3848 1152 3939 εχε-

231 3967 334 4039 μάτων
355 3966 421 4034 εἴδη
443 3968 526 4044 τρία·
558 3973 594 4024 τὸ
620 3970 673 4040 μέν
699 3969 759 4022 iore
784 3970 889 4038 σχῆμα
915 3962 1000 4051 λέγεν
1025 3966 1099 4051 μὲν,
1130 3956 1153 4016 (i

229 4061 390 4134 βούλεται,
417 4060 559 4138 δεόμενον
580 4059 815 4137 intingeretur,
836 4046 862 4126 ’ἦ
884 4056 921 4118 δι’
944 4056 1064 4132 ἀξίωσιν
1089 4062 1153 4118 τῶν
