2610 4800
608 373 694 507 ms

153 667 156 672 ·
197 630 275 694 -seo
292 630 461 692 silentium
476 640 509 692 et
526 649 674 692 secessus
693 641 725 692 et
744 629 888 714 undique
907 630 1149 706 liber'vnnimns,

150 749 188 802 nt
205 748 283 801 sunt
301 738 437 799 maxime
456 737 608 820 optanda,
633 737 677 800 ita
694 758 759 798 non
780 759 907 822 semper
919 747 1058 820 possunt
1074 759 1151 800 con·

150 848 292 929 tingere:
327 844 465 928 ideoque
485 865 551 906 non
572 844 700 922 statim,
715 862 719 873 ’
733 844 760 905 si
783 845 865 928 quid
881 846 1068 930 obstrepet,
1095 846 1151 907 ab·

148 952 285 1038 jiciendi
304 951 434 1015 codices
453 958 551 1014 erunt
568 964 600 1016 et
617 951 836 1035 deplorandus
856 953 947 1033 dies,
971 957 1086 1016 'verum
1106 953 1151 1014 in·

151 1061 329 1126 commodis
354 1060 602 1146 repugnandum
635 1071 667 1123 et
695 1059 758 1126 hic*
777 1062 948 1124 faciendus
976 1078 1077 1136 usus,
1116 1069 1150 1122 ιιι

46 1184 48 1189 ’
79 1198 81 1204 ’
151 1169 282 1247 omnia,
317 1188 401 1252 quae
429 1167 650 1276 impedient,-
662 1167 775 1230 vincat
802 1169 965 1231 intentio:
1000 1167 1148 1252 quamsi

39 1352 42 1357 Ι
150 1286 221 1339 totu
245 1279 367 1339 mente
385 1277 419 1338 iu
452 1269 533 1358 opus
562 1277 677 1358 ipsum
695 1275 871 1353 direxeris,
904 1276 986 1337 nihil
1016 1298 1147 1354 eorum,

151 1406 235 1469 quae
254 1384 365 1446 oculis
386 1384 443 1445 vel
468 1373 600 1445 nuribus
622 1383 814 1463 incursant,
849 1385 889 1445 ad
912 1386 1058 1446 animum
1079 1406 1150 1467 per·

36 1525 40 1542 ι
149 1490 268 1555 veniet
312 1490 362 1554 A'n
384 1511 461 1552 vero
483 1493 678 1573 frequenter
698 1491 808 1554 etiam
820 1491 956 1553 fortuita
977 1489 1050 1552 boc
1062 1490 1150 1572 cogi·

147 1598 232 1663 tatio
249 1609 413 1681 praestet,
444 1606 483 1658 ut
500 1598 612 1672 obvios
630 1620 698 1660 nou
715 1598 887 1661 videamus
905 1610 939 1687 et
951 1598 1082 1662 ‘itinere
1100 1597 1149 1660 de·

94 1729 97 1732 ’
149 1726 315 1773 erremus:
345 1712 413 1768 nou
432 1723 670 1790 consequemur
689 1707 794 1788 idem,
825 1707 856 1791 si
876 1717 910 1771 st
923 1706 1151 1770 voluerimus?

147 1817 221 1880 Non
243 1824 297 1878 est'
316 1814 559 1898 indulgendum
577 1815 684 1878 causis
711 1800 862 1879 desidiee.
905 1817 988 1879 Nam
1013 1816 1041 1877 si
1068 1837 1152 1876 nou·

150 1921 214 1988 nisi
237 1918 379 2000 reiecti,
406 1922 538 1984 nonnisi
563 1922 718 2002 hilares,
712 1924 870 1986 nonnisi
897 1924 1051 1987 omnibus
1080 1924 1151 1985 aliis

150 2028 427 2130 curisracantes,
461 2030 661 2093 studendum
681 2013 989 2109 existimaverimus,
1023 2053 1152 2127 semper

81 2123 91 2147 ‘
129 2139 223 2219 crit,
244 2138 483 2224 propterquod
497 2139 822 2232 nobis'ignoseamus.
866 2141 998 2219 Quare
989 2163 1024 2201 ιιι
1044 2141 1152 2216 turbu,

2 2295 22 2336 ,¹
63 2235 65 2239 Α
149 2246 287 2324 itinere,
328 2246 489 2308 conviviis
522 2238 641 2324 etiam,
677 2247 776 2309 faciat
804 2247 866 2309 sibi
896 2248 1052 2330 cogitatio
1082 2247 1153 2332 ipsa

149 2364 324 2429 secretum.
367 2353 455 2431 Quid
469 2352 593 2442 alioqui
612 2353 686 2430 fi‘et,
709 2374 786 2415 cum
805 2353 838 2414 in
858 2353 964 2418 medio
983 2356 1080 2433 soro,
1102 2363 1152 2416 tot

66 2446 71 2454 ’
149 2460 443 2523 circumstantibus
459 2456 612 2544 judiciis,
627 2459 774 2545 ¹jurgiis,
800 2461 945 2524 fortuitis
966 2463 1065 2524 etiam
1085 2463 1152 2524 cla·

149 2562 323 2644 moribus,
342 2567 404 2630 erit
425 2547 533 2630 subito
549 2568 709 2631 continua
721 2544 1092 2646 'oratione'dic'e'ndurm
1123 2567 1149 2631 si

147 2675 349 2764 particulas,
385 2696 465 2759 quas
488 2677 571 2749 ceris
591 2676 801 2755 mandamus,
836 2667 899 2740 nisi
918 2678 950 2775 ip
970 2677 1149 2740 solitudine

79 2830 88 2836 -
149 2784 293 2870 reperire
312 2803 378 2846 ιιοιι
395 2785 589 2869 possumus?
631 2782 768 2869 Propter
795 2806 879 2868 quae
896 2785 983 2847 idem
1002 2785 1061 2847 ille
1082 2795 1146 2845 ιιιι-

78 2865 82 2889 ’
151 2902 206 2954 tus
227 2903 351 2956 amator
376 2892 494 2980 secreti
513 2891 773 2970 Demosthenes,
805 2895 838 2954 in
861 2893 976 2968 litore,
994 2893 1042 2954 in
1064 2890 1144 2975 quod

152 3020 188 3064 ec
201 2997 342 3062 tutximu
362 3019 438 3062 cum
458 3019 539 3061 sono
556 2998 678 3062 fluctuo
695 2998 856 3077 illideret,
887 3000 1056 3064 meditans‘
1071 3021 1140 3062 con·

153 3109 328 3174 suescebat
346 3103 543 3171 concionum
560 3107 711 3170 fremitus
733 3099 800 3170 non
815 3115 1030 3191 expavescere
1047 3110 1082 3187 *t
1180 3139 1185 3174 :

214 3215 276 3279 tllt
307 3236 440 3308 quoque
465 3215 592 3277 minora
624 3215 704 3294 (sed
726 3214 808 3278 nihil
833 3216 866 3277 in
892 3216 1010 3280 studiis
1036 3235 1134 3302 perun
1172 3222 1185 3291 ji

153 3329 237 3402 est)
249 3344 315 3385 nou
338 3331 423 3385 ¹sunt
450 3322 669 3386 transeunda:
709 3323 810 3385 scribi
830 3322 964 3406 optime·
971 3324 1076 3401 ceris,
1107 3323 1131 3383 ir
1169 3316 1185 3375 ¹1

119 3471 126 3482 ι
151 3431 270 3516 quibus
286 3427 443 3494 facillima
459 3438 507 3493 est
522 3429 606 3491 ratio
628 3430 776 3494 delendi.
807 3430 873 3492 nisi
892 3435 999 3496 forte
989 3431 1085 3529 risus
1099 3431 1131 3490 in·

153 3539 293 3602 firmior
304 3518 577 3601 membranarum
588 3538 698 3621 potius
720 3541 823 3622 usum
846 3539 974 3621 exiget,
1008 3524 1089 3623 quae
1106 3545 1131 3599 ut
1180 3560 1185 3592 ι

149 3645 267 3732 jurent
282 3642 404 3723 eciem,
424 3645 471 3708 itu
487 3644 607 3708 crebra
615 3645 793 3724 relatione,
817 3648 924 3731 quoad
940 3647 1131 3732 intinguntur
1181 3665 1185 3681 ¹

153 3754 289 3832 calami,
307 3748 309 3753 ’
326 3761 497 3815 morantur
524 3773 656 3815 manum
690 3762 725 3816 et
750 3751 959 3838 cogitationis
993 3757 1132 3839 impetun

126 3845 316 3946 'frangunt
358 3860 606 3945 Relinquendue
637 3872 745 3923 autem
777 3861 811 3924 iu
844 3862 1012 3953 utrolibet
1035 3879 1131 3946 genere
1173 3944 1180 3957 .

196 4102 222 4172 ')
247 4102 286 4156 Cf.
302 4103 436 4155 Libanius
458 4103 487 4153 in
510 4102 559 4156 vit.
576 4101 714 4156 Demostlr.
736 4112 765 4158 ct
781 4104 877 4159 Cicero
884 4124 896 4166 ¹,
924 4103 967 4160 De
981 4103 1027 4158 tiu.
1045 4094 1131 4158 bonet
1174 4070 1182 4137 l

242 4198 305 4252 mal.
321 4197 339 4249 l.
355 4199 385 4249 V.
403 4213 425 4249 e.
442 4215 464 4276 r.
481 4199 502 4263 ι.
520 4205 544 4256 5.
601 4200 604 4206 '
