2610 4800
267 647 418 735 ¹Ligario?
438 647 586 713 Narratio
602 651 670 713 fere
686 628 848 713 tardiores
866 656 984 733 atque,
1006 657 1046 713 ut
1061 646 1110 712 sie
1124 646 1247 727 dixerim,
1293 701 1297 738 ¹

269 757 486 819 modestiores
515 756 678 820 desiderat
705 757 822 841 pedes,
860 766 895 822 et
920 756 1109 820 nominibus
1135 757 1246 822 maxims
1274 814 1297 849 Ι,

267 866 398 927 mixtos.
440 865 520 926 Nam
548 874 593 927 et.
608 867 809 943 verbis,¹ut
836 866 966 950 saepius
990 888 1102 951 pressu
1126 875 1192 945 est,
1213 864 1247 929 its

241 973 401 1036 'interim
427 972 586 1058 insurgit:
621 975 677 1037 sed
701 974 818 1039 docere
852 983 886 1037 et
915 944 1050 1058 ihfigere
1079 974 1193 1038 animis
1210 994 1248 1038 res
1277 976 1280 983 '

269 1103 398 1167 semper
419 1082 533 1166 'cupit-2
568 1083 657 1166 quod
681 1084 814 1146 minime
842 1081 1072 1146 festinantium
1099 1094 1185 1168 opns'
1205 1092 1247 1147 est

269 1194 318 1254 Ae
346 1191 426 1252 mihi
458 1191 589 1253 videtur
615 1202 684 1254 tota
714 1191 856 1254 narratio
889 1201 1042 1255 constare
1069 1191 1248 1277 longiorssrus

268 1284 440 1374 membris,
471 1294 674 1359 brevioribus
704 1298 869 1383 periodis..
900 1278 1100 1382 Argumenta
1129 1299 1272 1363 aunan·

270 1405 392 1483 citata,
425 1405 563 1488 pedibus
584 1400 718 1489 quoque
745 1407 786 1468 ad
806 1405 892 1468 hanc
912 1418 1069 1469 naturam
1086 1426 1250 1470 accommo-

269 1512 354 1575 datis
384 1524 538 1580 utentur:
569 1536 634 1574 non
665 1525 771 1576 tamen
799 1514 936 1592 ita‚,ut
962 1516 1157 1588 Ibochaeis,
1185 1531 1252 1599 qaae

270 1621 391 1685 celeria
409 1604 561 1703 quidem,
585 1622 643 1683 sed
663 1622 735 1685 sine
751 1622 874 1685 viribus
891 1632 977 1684 suut.
1020 1624 1144 1689 Verum
1161 1643 1251 1706 quau·

268 1729 319 1792 vis
343 1729 411 1791 siut
428 1730 583 1791 brevibus
604 1730 769 1813 longiores
790 1730 910 1809 mixta,
942 1752 1008 1792 nou
1028 1730 1268 1813 tamen'plures'

268 1836 395 1922 longas,
420 1860 517 1921 quam
533 1839 647 1900 breves
665 1837 826 1901 habentia.
870 1837 930 1901 Illa
945 1838 1095 1900 sublimia
1111 1836 1251 1923 spatiosas

272 1946 443 2029 clarasque
461 1968 558 2008 roces
581 1947 722 2025 habeut,
747 1957 857 2011 amant
877 1939 1128 2030 amplitudinem
1143 1941 1252 2027 Dartrli

271 2076 406 2140 quoque
429 2077 466 2117 au
482 2057 621 2118 Paeonis
629 2102 643 2130 ,
674 2054 801 2119 etiamsi
826 2054 955 2139 majore·
967 2076 1006 2119 ex
1020 2040 1120 2139 ¹parte
1138 2052 1250 2139 syllabis

268 2161 443 2239 brevibus,
484 2164 683 2246 temporibus
723 2175 832 2241 tamen
874 2163 954 2226 satis
994 2162 1095 2247 pleni.
1147 2163 1253 2247 Aspen

246 2272 387 2335 'contra
405 2271 525 2333 lambis
548 2271 683 2343 mraxime
703 2272 934 2348 concitantur3
965 2291 1031 2335 non
1058 2252 1253 2355 solum'qaoi

271 2389 350 2440 suut
380 2399 398 2442 e
427 2379 551 2441 duabus
582 2381 678 2444 modo
710 2381 841 2466 syllabis
860 2364 994 2477 ''eoques
1011 2380 1254 2464 frequentiorem

273 2488 367 2570 quasi
387 2489 517 2570 pulsum
531 2488 677 2581 habent.
697 2511 780 2572 quae
799 2511 850 2552 res
868 2488 997 2552 lenitati
1016 2488 1180 2551 contraria
1198 2495 1252 2561 est,
1288 2474 1297 2589 1

273 2594 445 2657 sedetiam
468 2596 557 2679 quod
578 2597 728 2668 omnibus
751 2597 886 2680 pedibus
908 2588 1087 2680 insurgunt
1107 2606 1140 2660 et
1160 2618 1177 2657 a
1195 2596 1254 2657 bre·
1295 2644 1297 2659 .

272 2704 369 2766 vibus
392 2704 425 2765 iu
446 2704 557 2787 longas
579 2686 731 2768 nituntur
750 2714 782 2766 et
801 2717 976 2780 crescuut;
1001 2704 1142 2788 ideoque
1162 2702 1255 2765 melio·

272 2835 325 2876 res
353 2816 495 2903 choreis,
528 2807 586 2898 qui
614 2815 652 2875 ab
678 2813 784 2896 longis
811 2812 844 2874 in
868 2815 983 2877 breves
1011 2812 1147 2875 eadunt.
1188 2810 1257 2873 Sub·
1295 2890 1297 2905 Ι

273 2921 392 3001 missa,
425 2922 534 3005 qualia
563 2921 596 2982 iu
628 2922 784 3006 epilogis,
814 2920 920 2985 lentas
949 2931 982 2983 et
1007 2906 1078 3005 ipsa
1102 2930 1136 2997 et
1163 2920 1258 2981 minus
1293 2908 1297 2971 l

273 3016 492 3092 erclamautes
525 3031 667 3113 exigunt.
700 3064 739 3079 -·-
769 3065 812 3078 -
850 3031 891 3091 lu
918 3029 1111 3092 universum
1139 3038 1259 3101 eutem,

274 3135 303 3197 si
321 3137 365 3198 sit
383 3158 534 3214 necesse,
556 3136 670 3199 duram
692 3136 801 3219 potius
823 3146 922 3220 atque
942 3156 1090 3220 asperam
1110 3131 1260 3220 composi·

272 3242 404 3305 tionem
424 3244 534 3306 malim
561 3267 648 3324 esse,
681 3266 780 3328 quam
803 3245 1019 3307 effeminatam
1042 3255 1075 3307 et
1098 3265 1258 3320 enervem,
1294 3300 1297 3309 .

274 3350 382 3436 qualis
415 3352 500 3435 apud
527 3353 667 3414 multos:
699 3364 732 3416 et
758 3352 906 3437 quotidie
933 3352 1033 3436 magis
1062 3336 1259 3427 lascivimus,
1293 3360 1297 3375 '

273 3450 490 3544 syntonorum
512 3458 540 3540 *l
571 3460 675 3524 modis
705 3461 900 3550 saltitantes.
939 3464 992 3526 Ac
1021 3481 1066 3525 ue
1090 3472 1160 3547 tum
1184 3462 1258 3525 bona

270 3630 653 3651 m—

318 3732 344 3806 ’)
362 3735 391 3788 Si
409 3735 520 3808 quidem
540 3733 664 3789 Tarnebr'
677 3734 931 3808 interpretationem
947 3734 1027 3809 sequi
1042 3734 1177 3805 velimus,
1200 3734 1256 3807 tya-

244 3898 248 3907 .
360 3831 423 3883 toni
436 3829 548 3883 dicendi
562 3839 627 3884 sunt
644 3829 694 3903 ipsi
710 3830 908 3903 symphoniaci,
928 3831 987 3904 qui,
1006 3831 1193 3887 instrumentis
1206 3826 1254 3903 pal·
1295 3840 1297 3872 l

359 3925 439 3991 satis,
465 3926 511 3980 vel
531 3936 613 3980 cantu
632 3927 744 3978 modum
762 3908 925 3981 saltantibus
943 3938 1100 4005 suggerunt.
1135 3928 1188 3983 Alii
1203 3941 1252 3995 syn·
1294 3924 1297 3980 l

360 4032 428 4075 tona
443 4023 541 4075 dicunt
556 4042 614 4076 esse
628 4022 757 4089 scabilla,
779 4041 850 4096 quae
869 4024 939 4096 pede
955 4026 1064 4097 pulsata
1079 4027 1187 4082 modurn
1201 4022 1251 4077 drot

361 4125 428 4168 tono
453 4117 510 4169 sire
536 4118 598 4170 roci
623 4118 887 4189 symphoniacorum.
930 4121 972 4176 De
999 4120 1052 4177 hat
1076 4130 1169 4179 umen
1193 4112 1248 4175 rutil

257 4260 272 4267 .,
360 4211 558 4282 significatione
576 4213 639 4268 ride
657 4214 766 4272 besica.
