2610 4800
585 447 670 523 315

141 644 183 711 dd
208 645 461 709 commovendos
484 655 594 708 sutem
617 646 741 709 animos
770 643 905 706 maxime
931 639 1125 726 proficient,
1189 696 1192 701 .

131 753 335 824 ⁴siincitandi
353 764 470 834 erunt,
493 754 679 838 hujusmodi
697 764 793 816 erunt
814 750 1018 826 sententiae,
1041 770 1127 832 qnae

143 872 194 925 ut.
208 862 249 923 ed
270 861 443 943 explendus
466 863 681 945 cupiditates,
713 874 769 924 urst
790 860 902 921 odium
920 855 1124 933 satiandum,

138 980 187 1031 ¹snt
213 969 255 1030 ad
282 968 487 1031 ulciscendas
516 969 651 1050 injurias
670 970 891 1051 pertinebunt.
932 967 991 1029 Sin
1017 975 1126 1027 sutem

142 1075 346 1159 reprimendig
388 1076 429 1138 de
458 1075 587 1139 incerto
621 1085 710 1138 statu
744 1078 917 1150 fortunae,
952 1072 1127 1155 dubiisque

134 1160 255 1245 ‘nentis
274 1205 385 1245 rernm
400 1186 606 1260 futurarum,
630 1197 662 1247 et
683 1181 864 1245 retinendis
883 1181 950 1242 suis
968 1179 1128 1256 fortunis„

141 1290 161 1353 si
173 1301 272 1353 erunt
291 1292 477 1370 secundae,
502 1293 552 1354 sin
572 1303 681 1354 autem
698 1293 871 1367 adversae,
901 1289 942 1352 de
957 1288 1124 1372 periculo,

140 1399 367 1462 commonendi.
417 1401 527 1483 Atque
561 1399 596 1461 hi
633 1401 765 1483 quidem
800 1407 875 1460 sunt
908 1396 1125 1480 perorationis

138 1502 209 1569 ln'ci..
246 1508 412 1590 Principia
445 1510 552 1573 autem
573 1508 609 1570 in
636 1509 808 1571 sententiis
836 1506 983 1587 dicendis
1014 1504 1128 1567 brevia

138 1616 400 1679 medebebunt.
442 1618 513 1679 Non
541 1617 629 1680 enim
659 1617 819 1701 supplex,
855 1624 891 1676 ut
915 1612 954 1674 nd
985 1611 1127 1694 judicem

136 1722 219 1785 venit
236 1734 363 1802 orator,
397 1724 452 1787 sed
474 1724 623 1786 hortator
642 1735 741 1807 atque
756 1733 880 1785 auctor.
923 1725 1030 1800 Quare
1047 1742 1124 1804 pro·

136 1848 261 1911 ponera,
285 1853 348 1913 qua
370 1842 477 1895 mente
495 1833 595 1906 dicat,
620 1833 700 1915 quid
719 1832 811 1910 velit,
833 1831 953 1913 quibus
972 1829 1125 1891 derebus

136 1933 278 1999 dicturus
297 1938 360 2015 sit,
384 1939 498 2014 debet,
519 1940 712 2022 hortarique
731 1940 770 1999 ed
791 1960 826 2000 se
846 1939 991 2000 breviter
1013 1936 1128 1996 dicen·

136 2051 193 2104 tem
214 2045 421 2108 audiendum.
465 2049 547 2109 Tamtu
572 2059 679 2108 nutem
698 2047 823 2124 oratio,
846 2045 983 2127 simplex
1001 2053 1032 2105 ct
1055 2060 1127 2126 gre-

135 2152 180 2217 ris
197 2166 232 2218 et
252 2157 424 2218 sententiis
446 2156 540 2218 debet
564 2156 711 2218 ornatior
728 2177 818 2233 esse,
852 2176 950 2238 quam
965 2152 1074 2215 verbis
1089 2153 1127 2230 Ἴ·

213 2404 216 2409 -
299 2325 354 2433 lie
386 2370 493 2432 locis
522 2369 688 2453 generis
720 2368 955 2454 judicialis.

377 2539 474 2591 Cicero
510 2538 599 2610 (Part.
619 2545 684 2591 orat.
704 2554 727 2590 c.
747 2535 879 2607 23-38.)

189 2688 226 2750 C.
243 2690 280 2750 F.
322 2689 466 2772 Cognovi
483 2688 547 2770 jam
563 2689 760 2751 laudationis
784 2699 816 2751 et
833 2688 994 2750 suasionis
1014 2686 1105 2748 locos
1116 2712 1125 2762 ς

133 2818 241 2872 nnnc,
277 2818 361 2879 quae
392 2796 798 2881 judiciis-accommodata
828 2798 914 2872 sint,
955 2805 1124 2878 exspecto:

132 2902 230 2989 idque
258 2904 351 2965 nobis
377 2925 476 2986 genus
498 2917 619 2967 restare
644 2927 746 2965 unum
772 2914 861 2986 puto.
899 2906 939 2964 ·C.
956 2905 990 2964 P.
1026 2905 1127 2965 Recte

132 3011 287 3094 intelligis
304 3023 403 3094 atque
419 3011 487 3094 ejus
505 3013 639 3095 quidem
655 3013 782 3096 generis
799 3012 873 3074 finis
893 3022 942 3074 est
959 3013 1126 3094 seqnitas3

133 3140 215 3200 qnae
238 3140 303 3185 non
323 3120 516 3202 simpliciter
533 3133 717 3204 spectatur,
752 3121 808 3182 sed
828 3143 866 3181 ex
885 3121 1128 3203 comparatione

132 3248 395 3309 nonnumquam:
428 3238 466 3288 nt
483 3250 583 3311 quum
603 3231 642 3290 de
661 3230 828 3290 verissimo
849 3239 1039 3290 accusatore
1061 3228 1129 3289 dis·
1238 3262 1243 3273 ·

131 3336 345 3417 putatur**)‚
379 3347 435 3398 aut
465 3359 567 3418 quum
593 3336 783 3399 hereditatis
803 3337 873 3398 sine
898 3337 968 3419 lege
986 3337 1046 3413 m)
1072 3321 1149 3398 sut*

133 3441 201 3504 sine
231 3451 428 3505 testamento
455 3445 578 3527 petitur
599 3446 781 3527 possessio:
816 3448 848 3507 iu
876 3445 995 3527 quibus
1023 3443 1129 3504 causis

135 3551 214 3633 qnid
232 3552 370 3633 aequius
385 3553 683 3635 aequissimumqne
698 3554 752 3632 sit,
778 3553 965 3636 quaeritur3
989 3573 1070 3635 quus
1088 3550 1130 3613 ad

157 3785 199 3876 Ἄ)
222 3806 266 3858 De
284 3805 337 3856 hoc
356 3824 452 3873 genere
472 3805 504 3858 cf.
524 3809 607 3858 Arist.
626 3805 703 3859 Rhet.
723 3807 742 3858 1.
761 3811 782 3861 1.
802 3825 827 3864 c.
840 3806 867 3877 4.
883 3806 898 3861 5
912 3825 973 3881 sqq.
992 3815 1021 3860 et
1036 3807 1130 3876 Quint.

220 3900 239 3953 l.
261 3900 313 3953 III.
333 3917 355 3951 c.
376 3905 399 3954 8.

166 3985 208 4062 “)
226 3996 264 4047 Ut
281 3994 310 4047 in
329 3994 497 4047 divinatione
515 3995 544 4047 in
563 3995 596 4066 Q.
616 3995 776 4050 Caecilium.

150 4085 206 4159 a..)
224 4086 266 4141 cf.
283 4089 358 4161 Orat.
375 4090 472 4160 proli.
492 4088 594 4142 Flacco
607 4104 638 4185 xc.
658 4089 691 4161 34
708 4107 786 4165 seqq.
