2610 4800
608 418 693 499 aaa
753 517 755 525 s

148 604 269 682 norum
287 619 372 698 fuit,
395 627 433 681 nt
454 618 560 681 omnis
579 608 648 706 ejus
669 617 859 702 eloquentia
877 618 1043 691 contineri
1064 630 1126 684 tect

147 720 184 790 ao
204 728 381 812 parietibus
402 728 578 790 videretur.
599 716 730 808 >Quare
748 725 891 812 juvenis,
914 727 1127 811 quitationes

228 933 327 996 ¹eorum
347 943 464 1010 gratuita
485 949 534 996 est.
570 940 624 995 vix
645 941 743 1014 itaque
762 943 792 995 in
813 941 872 995 foro
888 941 998 995 futuros
1014 941 1127 1013 periculo

194 1063 195 1068 ¹
234 1055 280 1091 sus
296 1047 390 1108 stupor
402 1037 504 1093 discuti
521 1042 626 1108 potest‘:
646 1037 695 1108 qui
709 1037 805 1101 crevit,
822 1038 888 1090 dom
902 1046 980 1090 tutus
994 1045 1045 1091 est,
1064 1036 1127 1108 Quid

234 1131 310 1202 quod
331 1131 540 1184 laudationibus
558 1131 659 1184 crebris
675 1133 861 1196 sustinentur,
889 1140 918 1183 et
939 1131 1070 1190 memoria
1089 1131 1127 1209 illo

167 1270 172 1284 ,
233 1244 293 1278 rum
307 1228 443 1290 assuevit,
471 1226 550 1278 certis
568 1226 718 1286 intervallis
736 1223 900 1303 quiescere?
945 1225 1015 1277 Cum
1040 1234 1127 1277 ventur

116 1342 123 1359 ·
148 1350 150 1355 ·
231 1323 317 1374 'estin
333 1321 436 1393 forum,
465 1330 492 1374 et
509 1321 590 1373 desiit
604 1321 667 1374 illos
683 1321 717 1373 ad
732 1339 839 1374 omnem
853 1330 957 1388 gestum
974 1320 1088 1392 plausus
1104 1339 1127 1373 er

147 1396 151 1401 .
234 1416 340 1486 cipere,
362 1425 410 1468 aut
425 1415 586 1493 deficiunt,
596 1424 644 1468 aut
659 1414 762 1470 labant.
800 1415 895 1482 Adjice
908 1431 1003 1478 nunc,
1024 1414 1099 1486 quod
1116 1433 1127 1466 a

192 1505 198 1514 ’
233 1510 293 1562 aliis
309 1510 414 1562 nullius
429 1510 588 1564 interventu
607 1507 756 1565 excutitur.
782 1506 877 1562 *Nemo
897 1510 985 1574 ridet,
1016 1527 1127 1563 nemos

157 1614 160 1625 '
232 1604 367 1673 industria
385 1593 563 1677 obloquitur:
590 1603 735 1659 familiares
754 1612 820 1657 sunt
837 1606 958 1658 omnium
979 1604 1082 1658 vultos.
1117 1606 1127 1655 l

200 1722 202 1726 ·
233 1701 307 1764 foro,
328 1710 360 1754 ut
373 1702 443 1753 nihil
456 1701 550 1765 aliud,
570 1701 659 1772 ipsum
675 1701 737 1753 illos
752 1701 839 1753 forum
853 1701 959 1754 turbat:
984 1700 1056 1763 hoc,
1077 1717 1127 1772 quo

224 1797 315 1872 ¹uulgo
329 1805 469 1858 narratur,
489 1786 525 1848 an
537 1813 637 1849 ¹rerum
651 1797 704 1861 sit,
724 1794 760 1849 tu'
773 1797 872 1850 melius
890 1805 968 1868 potes
981 1796 1060 1849 scire.
1096 1798 1127 1848 Dr

187 1866 202 1886 '⁵
232 1890 407 1948 clamatoriae
421 1891 528 1957 virtutis
543 1892 691 1943 latronem
705 1891 832 1944 Porcium
850 1891 963 1943 unicum
981 1890 1127 1960 exemplar

192 2021 195 2027 ·
231 2004 295 2058 cum
311 2005 359 2059 pro
373 2004 418 2039 reo
436 1988 465 2039 in
474 1986 604 2058 Hispania
613 1987 722 2053 Rustico
734 1987 839 2051 Porcio,
858 1987 1013 2058 propinquo
1030 2004 1089 2049 suo,
1104 1985 1127 2036 di

190 2144 193 2156 ι
233 2089 323 2159 cenet,
344 2099 433 2157 usque
448 2099 551 2134 coesse
567 2073 729 2146 censuram,
750 2091 782 2134 ut
795 2099 810 2130 a
825 2081 986 2134 soloecismo
1000 2082 1127 2152 inciperet

232 2194 284 2230 nec
306 2187 371 2230 ante
395 2176 514 2246 potuisse
533 2170 700 2250 confirmari,
727 2184 833 2229 tectum
854 2193 885 2228 ac
902 2177 1020 2248 parietes
1043 2168 1127 2228 deside

110 2304 113 2312 ι
146 2267 149 2271 ’
231 2274 352 2333 rentem,
375 2274 456 2342 quam
467 2271 631 2342 impetravit,
652 2279 683 2322 ut
695 2253 830 2337 judicium
847 2288 880 2322 ex
893 2271 950 2322 foro
964 2270 995 2322 in
1009 2270 1127 2322 basilicon

231 2365 427 2432 transferretur.
466 2367 558 2436 Usq'ue
575 2383 607 2418 eo
621 2366 728 2433 ingenia
745 2365 773 2416 in
788 2363 955 2418 scholasticis
973 2364 1127 2418 exercitatio

165 2491 173 2497 -
208 2512 209 2517 ,
231 2458 313 2511 nibus
328 2460 449 2514 delicate
463 2461 638 2524 ‚nutriuntun
660 2463 691 2513 uf
706 2460 861 2524 clamorem,
881 2460 1032 2523 silentium,
1052 2461 1127 2524 rison,

144 2580 147 2586 ·
233 2556 342 2609 coelum
357 2556 478 2626 denique
493 2555 551 2624 pati
566 2555 698 2609 nesciant.
734 2555 795 2615 Non
811 2541 959 2609 est'autem
978 2556 1053 2609 utilis
1068 2572 1127 2608 exer·

232 2649 344 2712 errario,
371 2650 422 2701 nisi
434 2651 514 2721 *quae
530 2650 604 2720 operi
619 2650 755 2716 amrium
774 2660 815 2702 sss
831 2650 873 2701 uu
885 2690 901 2713 ,r
920 2634 954 2702 aa
972 2651 1047 2722 quoa
1067 2667 1127 2702 eser-

230 2752 289 2799 cct:
313 2745 408 2814 itaque
429 2745 523 2795 durior
535 2745 606 2797 solet
627 2762 684 2797 esse
699 2745 935 2826 verotcertamine.
972 2722 1125 2797 Gradatae

232 2838 396 2906 gravioribus
409 2840 487 2891 armis
501 2839 620 2903 discunt,
639 2837 720 2912 quam
735 2838 872 2911 pugnant:
892 2840 996 2892 diutius
1012 2841 1070 2893 illos
1083 2854 1125 2888 ma·

231 2933 311 3000 gieter
328 2943 453 2998 armatos,
473 2952 554 3005 quarn
570 2927 735 2988 advefsarius
750 2935 874 2989 srrstinet.
901 2936 1048 2995 Laetantes
1063 2933 1124 2984 binos

230 3028 356 3082 simulac
371 3039 463 3096 ternos
479 3021 603 3097 fingant,
625 3040 655 3082 ut
669 3030 776 3082 facilius
788 3025 901 3096 singulis
916 3031 1048 3082 resistant.
1072 3030 1123 3081 Cor·

230 3141 301 3176 sores
320 3124 393 3195 quod
408 3125 478 3176 intra
493 3125 623 3192 exiguum
639 3125 755 3194 spatium
771 3120 805 3176 sle
824 3125 972 3178 velocitate
990 3132 1079 3176 'eorum
1090 3122 1122 3188 ju·

167 3233 170 3238 ’
229 3219 354 3283 dicetur,
373 3219 402 3270 id
417 3236 497 3290 saepe
513 3220 544 3271 in'
561 3201 757 3273 exercitatione
772 3203 942 3284 decurrunt}
968 3219 1043 3291 quod
1057 3212 1127 3271 send*

176 3313 179 3316 ’
230 3313 371 3366 decursuri
395 3314 688 3367 sunt'iu'certamine.
730 3306 934 3386 Multiplicatur
955 3334 989 3389 qr
1008 3310 1122 3367 industru

227 3408 322 3471 labor,
342 3426 398 3479 quo
415 3408 613 3472 condiscimus,
634 3418 665 3462 ut
678 3410 794 3473 levetur,
818 3428 874 3482 quo
890 3410 1069 3464 decernimus.
1097 3407 1122 3456 lu

1 3494 3 3500 ’
69 3514 71 3520 “
162 3565 163 3570 ¹
228 3503 657 3557 scholasticisdeclamationibus
674 3515 767 3558 contra
783 3485 887 3578 euenit:
912 3506 1003 3557 omnia
1017 3503 1122 3557 molliora

229 3606 258 3650 et
273 3598 402 3661 solutiora
417 3607 497 3675 sunt,
518 3599 547 3652 in
565 3599 622 3656 foro
636 3594 738 3670 partem
754 3599 913 3666 accipiunt,
940 3577 1076 3652 inachola
1086 3595 1123 3649 eli·

164 3710 166 3718 ·
229 3702 306 3756 gunt:
335 3693 393 3744 rure
408 3693 494 3760 jusso
510 3693 711 3760 blandiuntur,
736 3680 784 3748 'ure
799 3696 965 3749 inservisse
997 3695 1126 3748 ruituro

226 3785 362 3840 sternitum
387 3788 610 3856 circumsonantis
632 3791 729 3842 turbae
750 3790 938 3842 intendendus
960 3790 1065 3842 animos
1083 3795 1124 3846 est,

226 3899 278 3933 vox
294 3883 328 3932 ad
344 3901 421 3935 aures
435 3884 708 3956 judicis-perferenda
725 3896 776 3938 est:
808 3885 854 3937 hic
871 3903 905 3938 ex
921 3885 1002 3937 vulto
1023 3883 1126 3937 dicentis

227 3977 349 4046 pendent
365 3963 485 4030 omnium
500 3980 599 4041 vultus.
638 3983 736 4050 Itaque
750 3981 828 4032 velut
850 3997 884 4032 ex
900 3979 1028 4031 umbroso
1049 3989 1075 4030 et
1087 3977 1127 4027 ob·

225 4089 303 4125 scaro
326 4075 490 4145 prodeuntes
512 4075 593 4139 loco,
621 4075 711 4128 clarae
727 4075 799 4129 lucis
815 4075 904 4142 fulgor
924 4073 1070 4130 obcaecat:
1094 4074 1127 4127 sic
