2610 4800
518 416 604 495 145

54 618 139 685 odio
177 614 434 698 benevolentis,
483 614 710 681 misericordia
750 615 877 681 insidia
912 615 1064 685 tollatur.

55 734 107 809 (c.
134 728 217 789 LIII.
238 728 263 809 ς.
283 727 373 806 216.)

120 836 236 918 Neque
262 834 332 896 lieri
352 842 484 917 potest,
515 843 555 898 nt
582 831 690 897 doleat
712 831 761 909 is,
793 830 852 915 qui
881 831 993 913 audit,
1025 845 1065 901 ut

55 943 185 1021 oderit,
218 940 254 1002 ui
284 941 449 1020 invideat,
482 951 520 1003 ut
545 942 756 1025 pertimescat
781 940 925 1023 aliquid,
956 954 993 1006 ut
1022 942 1065 1007 ad

49 1050 174 1115 -ssetum
186 1049 509 1133 misericordiamque
524 1050 675 1127 ducatur,
699 1049 762 1111 nisi
778 1071 890 1111 omnes
903 1050 926 1112 ii
941 1061 1064 1132 motus,

27 1208 42 1221 ..
57 1179 146 1242 quos
172 1167 289 1219 auctor
313 1161 458 1235 (orator)
488 1157 640 1220 adhibere
665 1157 755 1219 volet
779 1154 902 1239 judici,
934 1160 969 1220 in
993 1160 1064 1243 ipso

56 1276 197 1329 auctore
228 1269 397 1343 (oratore)
425 1242 574 1348 impressi
606 1270 676 1328 esse
707 1275 808 1349 atque
839 1265 942 1332 inusti
971 1269 1065 1332 vidc-

53 1374 196 1438 buntur.
238 1378 286 1452 (c.
304 1374 403 1437 XLV.
424 1375 449 1455 S.
472 1376 557 1455 189.)
578 1372 607 1452 ‘)

255 1536 459 1633 Quintilianus·
501 1565 587 1638 (lust
608 1582 645 1641 or,
667 1565 687 1619 l.
707 1567 755 1620 vt.
781 1581 804 1619 c.
827 1563 872 1635 s.)

122 1691 255 1755 Summe
280 1696 461 1774 (quantum
489 1712 547 1775 ego
574 1680 706 1774 quidem
728 1691 851 1770 sentio)
886 1691 973 1753 circa
992 1711 1065 1753 mo-

54 1799 185 1867 vendos
204 1800 339 1861 affectus
361 1799 393 1860 in
416 1798 479 1861 hoe
501 1799 608 1882 positu
629 1808 700 1876 est,
723 1808 760 1860 ut
783 1821 971 1863 moveamur
990 1799 1063 1883 ipsi.

54 1910 143 1973 Item
166 1916 200 1970 et
225 1907 357 1984 luctus,
388 1918 421 1969 et
447 1908 535 1983 irae,
567 1916 600 1969 et
623 1907 858 1991 indignationis
885 1907 1063 1991 aliquando

55 2017 160 2081 etiam
190 2015 331 2077 ridicula
363 2015 464 2077 suerit
492 2015 654 2093 imitatio,
684 2016 712 2076 si
740 2017 838 2077 verba
866 2017 1064 2098 vultumque

55 2135 203 2202 santum,
226 2146 293 2184 non
313 2124 409 2185 etiam
427 2122 573 2184 animum
588 2124 953 2186 accommodaverimus.
975 2123 1065 2202 Quid

55 2233 149 2298 euim
169 2231 258 2292 aliud
276 2240 325 2293 est
342 2253 476 2308 causac,
498 2243 535 2295 ut
552 2231 723 2311 lugentes,
745 2233 861 2315 utique
883 2231 917 2293 iu
934 2229 1063 2293 recenti

57 2340 196 2418 dolore,
227 2339 442 2402 disertissime
471 2340 630 2422 quaedam
658 2340 840 2402 exclamare
866 2339 1063 2419 rideantur,

56 2458 98 2513 ut
127 2448 177 2509 ira
211 2468 460 2530 nonnumquam
496 2448 638 2510 indoctis
673 2470 806 2532 quoqne
839 2420 1065 2532 eloquentiam

55 2555 177 2634 faciat,
208 2577 306 2638 quam
335 2556 422 2638 quod
447 2556 512 2617 illis
530 2557 630 2618 'inest
662 2558 712 2619 vis
737 2556 855 2619 mentis
882 2568 915 2619 et
942 2557 1063 2620 veritas

56 2648 305 2750 ipsa'morum?
348 2667 456 2743 Quare
492 2664 525 2725 iu
566 2666 624 2744 iis,
660 2688 744 2748 quae
774 2665 963 2727 verisimilia
993 2686 1065 2728 esse

55 2773 226 2849 volemus,
250 2772 352 2833 simus
374 2771 437 2854 ipsi
458 2771 581 2834 similes
599 2795 731 2849 eorum,
756 2774 813 2856 qui
833 2795 909 2835 vere
929 2774 1063 2856 patiun-

55 2889 135 2956 tur,
164 2880 344 2941 affeetibus.
368 2915 407 2927 -
450 2880 597 2940 Primum
616 2890 666 2942 est
686 2880 802 2961 igitur,
834 2892 871 2941 ut
891 2880 977 2962 apud
1003 2901 1063 2941 nos

57 2987 193 3050 valeant
211 3009 265 3065 ea,
294 3010 378 3071 quae
398 2988 507 3049 valere
525 2987 611 3069 apud
630 2986 773 3072 judicem
791 2988 965 3065 volumus,
996 2987 1065 3048 affi-

59 3097 273 3178 ciamurque,
298 3108 474 3178 antequam
500 3096 626 3157 afficere
653 3118 818 3156 conemur.

121 3205 168 3266 At
186 3204 350 3286 quomodo
370 3205 444 3280 fret,
468 3214 505 3266 ut
523 3204 728 3298 adficiamur?
751 3203 864 3286 Neque
884 3202 971 3265 enim
988 3211 1066 3264 sunt

58 3323 172 3375 motus
197 3312 231 3373 in
255 3323 400 3374 nostram
424 3321 618 3394 potestatem
631 3313 684 3391 ’‘*).
728 3312 876 3375 Tentabo
902 3311 1000 3374 etiam
1025 3310 1065 3374 de

107 3492 135 3567 *)
152 3494 225 3547 Huic
244 3482 384 3548 Ciceronis
401 3496 463 3548 loco
480 3493 601 3565 proxime
616 3494 725 3549 accedit
740 3495 789 3548 ille
806 3496 960 3548 notissimus
973 3498 1066 3549 Horc-

149 3592 186 3643 tir'
204 3591 263 3662 (ep.
287 3591 322 3642 ad
345 3592 395 3642 Pis.
416 3609 441 3643 v.
464 3609 500 3659 99
520 3589 614 3660 seqq.)

202 3686 241 3737 Ut
258 3685 413 3738 ridentibus
432 3685 569 3748 arrident,
598 3685 637 3736 ita
656 3684 784 3737 flentibus
803 3683 904 3734 adsunt

202 3779 323 3833 Humani
342 3780 445 3834 vultus.
490 3781 518 3832 Si
536 3779 575 3832 vis
594 3795 637 3832 me
656 3780 736 3842 flere,
766 3778 915 3831 dolendum
935 3788 977 3830 est

203 3877 323 3929 Primum
343 3875 393 3947 ipsi
412 3875 479 3941 tibi3
509 3884 578 3927 tunc
596 3883 645 3926 tua
664 3892 706 3926 use
725 3874 874 3925 infortunia
893 3873 1024 3937 laedent,

203 3972 330 4043 Telephe
355 3972 400 4024 vel
426 3972 520 4024 Peleu.
548 3999 581 4049 -7
608 3998 640 4010 -
670 3998 699 4009 -
729 3997 760 4010 -

96 4064 137 4140 **)
153 4067 269 4123 Plurimi
283 4069 395 4138 legunt:
412 4069 443 4121 in
457 4081 554 4122 nostra
566 4079 710 4140 potestate.
748 4065 832 4138 Quod
848 4066 917 4120 licet
930 4066 965 4118 rit
981 4064 1065 4116 usita-
