2610 4800
520 396 576 473 97

41 594 170 677 ranila,
212 606 269 662 vet
294 595 410 661 tutior.
440 630 483 645 -
512 628 555 645 -··
582 626 625 645 -·-
675 596 875 681 Incipiamus
907 596 948 661 ab
988 594 1051 678 iit,

42 706 169 791 quibus
206 704 314 766 aerior
348 713 382 765 et
416 702 653 767 veitementior'
679 704 716 768 tit
751 707 922 789 probatio,
960 706 1051 791 quod

42 814 154 899 primo
173 813 248 876 loco
269 800 450 898 posnirnur.
492 812 637 895 Simplex
653 824 704 876 ert
723 814 773 875 rio
790 836 922 897 rogarer

116 967 174 1025 Seri
188 987 240 1024 vor
259 971 311 1044 qni
327 966 464 1025 tandem?
489 970 590 1043 quibas
608 983 659 1023 aut
675 972 799 1025 venratio
817 970 852 1023 ab
871 968 996 1043 oris?*)

42 1112 246 1219 Figuratam⁴
262 1141 391 1211 autem,
426 1132 557 1215 quoties
578 1153 643 1192 non
672 1132 852 1194 suscitandi
877 1133 980 1217 gratia
1001 1131 1056 1195 ad·

42 1242 210 1318 minitat,
241 1239 299 1301 sed
317 1240 479 1301 instandi:
502 1241 591 1327 Quid
609 1242 691 1301 onim
717 1255 787 1302 tuns
808 1242 861 1300 itte
870 1287 883 1313 ,
908 1243 1032 1304 Tubero
1042 1283 1055 1317 ,

41 1349 215 1413 destrictus
243 1348 278 1405 in
307 1348 374 1406 acie
400 1350 588 1409 Pharsalica
613 1349 739 1428 gladius
767 1349 896 1428 agebat?
926 1348 972 1427 ⁸)
999 1359 1054 1428 et,

43 1460 220 1545 Quantaque
239 1453 363 1517 tandem
380 1456 504 1516 abutere
522 1456 660 1515 Can'liaa
676 1458 830 1536 patientia
845 1458 979 1518 nostra?
999 1467 1054 1535 et,

41 1566 162 1631 Patere
183 1576 238 1623 tna
259 1565 393 1623 consilia
418 1586 480 1624 non
505 1564 626 1622 sentis?
655 1575 688 1624 et
715 1576 804 1625 totas
830 1564 973 1647 alanique
997 1564 1054 1629 hio

42 1670 145 1747 locun
162 1670 236 1749 *''*).
279 1674 413 1749 Quanto
432 1670 518 1731 enim
541 1671 641 1751 magia
660 1670 771 1745 ardet,
802 1692 900 1753 quarn
920 1671 946 1733 oi
964 1671 1057 1735 dice·

46 1776 162 1843 retur‘:
205 1780 273 1843 Dia
298 1781 432 1840 abarca-is
454 1780 609 1863 patientia
632 1793 760 1850 nostran
792 1789 843 1856 et,
872 1783 986 1843 Patent
1001 1794 1057 1842 tna

52 1888 197 1949 consilia.
231 1888 471 1969 Interrogarnus
486 1886 595 1963 otiam,
620 1888 708 1969 quod
725 1888 834 1968 anegari
851 1910 916 1949 non
934 1891 1054 1969 possin

50 2004 110 2057 ant
136 1996 192 2057 alii
212 1995 433 2077 respondendi
456 1994 596 2055 diflicilia
621 2007 671 2056 eat
698 1996 801 2068 ratio;
835 2005 891 2056 aut
914 1994 1056 2056 invidiae

47 2104 156 2189 gratio
167 2130 177 2179 ς
201 2114 259 2166 aut
277 2104 495 2166 miserationis
506 2130 514 2179 ;
548 2116 604 2166 aut
620 2102 784 2178 instandi,
808 2112 841 2163 et
860 2103 1057 2165 auferendae

46 2212 335 2299 diinimnlationia.
390 2215 511 2274 Totum
535 2210 598 2273 hoo
621 2212 757 2295 plenum
786 2220 836 2271 eat
865 2211 1055 2284 varietatisa

46 2344 128 2397 nom
155 2332 190 2385 et
216 2320 435 2403 indignationi
465 2321 641 2398 convenit,
675 2332 707 2384 et
734 2318 954 2383 admirationi.
997 2319 1058 2380 Eat

46 2430 279 2515 aliquantium
297 2428 330 2488 in
348 2429 570 2513 respondendo
590 2430 708 2513 figura,
732 2450 836 2509 quina
849 2428 937 2488 aliud
955 2428 1059 2488 inter·

46 2537 181 2621 roganti
208 2537 250 2597 ad
278 2536 387 2612 alind,
425 2538 502 2619 quia
531 2539 577 2598 sio
605 2537 720 2598 utilius
749 2538 814 2613 ait,
851 2537 1054 2598 occurritura

47 2656 122 2707 tnm
141 2643 282 2727 augendi
305 2645 451 2705 criminis
472 2644 592 2725 gratia;
625 2657 663 2707 nt
683 2646 774 2706 lestis
797 2646 829 2704 in
851 2666 943 2704 roam
962 2662 1058 2726 roga-

16 2748 192 2833 'tns,-aa
212 2754 251 2815 ab
267 2776 319 2814 reo
331 2753 472 2838 fastibus
487 2757 689 2838 aacrprrlassrt?
730 2758 772 2818 Et
797 2756 972 2825 innocens,
1005 2754 1058 2812 in-

51 2862 148 2946 quit'3
187 2872 259 2925 tum
287 2861 495 2937 declinandi,
531 2863 621 2944 (prod
653 2874 702 2925 ost
732 2863 1056 2946 frequentissimam:

50 2974 202 3058 Quaero,
230 2951 444 3032 anoccideris
460 2970 645 3031 ironeinrnr?
675 2972 909 3053 respondetur:
942 2972 1059 3029 Latro·

49 3098 150 3142 nem.·
175 3081 229 3141 An
248 3080 385 3161 fundum
412 3082 637 3161 occupaveris?
672 3079 906 3159 respondetura
946 3098 1057 3137 nn‘am.

51 3222 91 3234 ——
116 3222 157 3234 -
199 3188 351 3249 Ceterum
370 3200 402 3249 ot
422 3186 642 3269 interrogandi
663 3210 695 3247 so
715 3188 839 3266 ipsum,
871 3196 1056 3267 etrespon-

51 3293 153 3356 dendi
173 3293 255 3371 sibi,
279 3294 387 3356 solent
406 3316 474 3355 esse
496 3316 561 3355 non
580 3296 723 3377 ingratae
744 3296 852 3366 vices;
887 3306 923 3354 ut
940 3294 1057 3353 Cicero

48 3424 112 3487 pro
134 3403 282 3486 Ligario:
304 3404 382 3481 **'*)
412 3404 512 3485 Apud
525 3426 616 3490 quern
631 3406 725 3484 igitur
742 3404 927 3465 iaarcdico?
948 3422 1057 3484 riorrape

50 3511 143 3596 apud
157 3533 247 3584 eum,
267 3512 342 3599 qai,
365 3533 459 3598 qaum
473 3515 532 3574 hoc
549 3515 662 3585 sciret,
683 3526 786 3573 tantan
801 3535 848 3571 me
857 3556 870 3583 ‚
893 3525 1058 3597 antequam
