2610 4800
595 477 685 551 474

147 677 228 737 toria
251 673 434 759 discipulus
453 672 616 759 pendeat,
654 686 754 758 atque
775 672 816 735 id
831 670 1007 736 audiuisse
1031 681 1155 755 recte„

147 783 235 866 quod
250 783 290 844 ab
304 804 342 844 eo
357 781 559 865 probabitur,
576 782 703 847 credat.
745 780 810 846 Illa
822 802 902 845 vcro
918 780 1141 862 vitiosissima,

148 913 233 974 quae
257 890 322 975 jam
340 891 518 953 humanitas
541 900 698 967 vocatur,
732 889 875 953 invicem
899 889 1140 975 qualiacunque

146 998 320 1084 laudandi,
344 979 445 1081 quum
465 997 689 1062 esffl‘ndccora
710 1009 744 1060 et
760 996 951 1077 theatralis,
983 1008 1018 1060 et
1037 1018 1142 1061 severe

147 1105 310 1167 institutis
333 1105 454 1167 scholis
478 1105 604 1183 aliena,
634 1118 706 1170 tum
727 1089 909 1168 studiorum
933 1106 1144 1190 perniciosus·

148 1215 229 1276 sima
244 1212 359 1276 hostis.
400 1215 607 1297 Supervacua
622 1213 709 1278 enim
724 1213 880 1277 videntur
894 1235 972 1277 cura
987 1236 1028 1277 ac
1043 1215 1144 1293 labor,

147 1329 278 1404 parata,
309 1320 470 1404 quicquid
495 1321 690 1400 effuderint,
723 1300 830 1384 laude.
882 1320 1021 1386 Vultum
1048 1320 1146 1405 igitur

148 1428 366 1512 praeceptoris
388 1428 532 1508 intueri,
556 1439 622 1490 tam
644 1427 702 1513 qui
718 1428 866 1507 audiunt,
890 1428 1024 1507 debent,
1048 1451 1147 1512 qnam

95 1616 98 1623 ,
148 1521 235 1619 ipse,
260 1538 318 1620 qui
336 1535 436 1611 dicit;
460 1538 505 1599 ita
523 1537 610 1602 enim
630 1537 796 1621 probanda
814 1546 914 1621 utque
933 1536 1145 1622 improbanda

147 1644 358 1719 discernent3
394 1646 442 1709 sic
465 1645 541 1710 stilo
570 1646 712 1709 facultas
746 1645 935 1728 continget,
974 1644 1145 1708 auditione

71 1813 74 1821 ,
146 1750 314 1836 judicium.
356 1753 401 1817 At
418 1775 508 1816 nunc
533 1753 629 1837 proni
655 1738 752 1838 atque
771 1753 937 1816 succincti
955 1753 997 1814 ad
1017 1773 1143 1816 omnem

148 1858 328 1922 clausulam
347 1882 413 1922 non
429 1873 608 1945 exsurgunt
626 1861 745 1940 modo,
775 1882 890 1926 rerum
909 1860 1009 1925 etiarn
1031 1883 1143 1924 excur-

147 1979 247 2044 runt,
278 1974 311 2031 et
336 1960 410 2031 cnm
430 1969 585 2033 indecora
611 1969 828 2033 exsultatione
849 1970 1071 2033 conclamant.
1112 1967 1141 2030 ld

147 2086 298 2139 mutuum
320 2087 391 2154 est,
423 2089 456 2141 et
474 2078 521 2140 ibi
537 2077 786 2140 declamationis
803 2081 946 2142 fortuna.
989 2078 1080 2139 Hinc
1096 2088 1140 2141 tu·

147 2205 221 2246 mor
244 2197 278 2248 et
305 2207 389 2266 vana
421 2185 460 2249 de
484 2207 519 2249 se
543 2187 735 2270 persuasio,
766 2182 998 2270 usqueadeo,
1032 2185 1138 2250 utillo

148 2291 450 2375 condiscipulorum
469 2293 613 2354 tumultu
627 2290 752 2373 inflati,
773 2293 803 2354 si
822 2286 937 2378 parum
952 2315 971 2354 a
989 2315 1133 2376 praecep

146 2410 219 2461 tore
237 2399 435 2478 laudentur,
470 2401 536 2484 ipsi·
557 2401 597 2463 de
622 2376 679 2462 illo
708 2401 793 2464 male
819 2403 972 2472 sentiant.
1023 2402 1092 2464 Sed
1110 2422 1133 2462 se

93 2581 99 2590 x
119 2502 122 2509 ’
148 2527 281 2591 quoque
298 2516 524 2593 praeceptores
538 2511 665 2573 intente
681 2531 719 2573 ac
734 2510 881 2574 modeste
898 2509 1006 2571 audiri
1022 2510 1130 2582 veliam

142 2637 212 2679 ‘non
236 2617 322 2679 euim
336 2614 461 2701 judicio
481 2617 720 2702 discipulorum
736 2619 846 2682 dicere
864 2618 960 2683 debet
976 2618 1130 2702 magister,

66 2758 68 2762 ·
147 2722 205 2786 scd
225 2722 380 2808 discipuli
401 2725 556 2808 magistri.
599 2726 761 2815 Quin,·si
781 2726 851 2788 fieri
870 2736 998 2810 potest,
1034 2725 1130 2789 inten-

130 2830 272 2895 dendus
292 2833 418 2895 animus
441 2833 476 2894 in
497 2833 560 2896 hoc
585 2843 741 2917 quoque,'
775 2846 813 2897 ut
831 2834 1031 2919 perspiciat,
1060 2853 1130 2917 quae

148 2940 289 3024 quisque
300 2986 310 3019 ‚
334 2951 367 3003 et
388 2941 552 3025 quomodo
571 2942 700 3005 laudate
731 2936 765 3005 et
783 2943 930 3026 placere,
956 2964 1042 3026 quae
1059 2944 1131 3006 benc

148 3043 248 3124 dicet,
271 3068 337 3108 non
356 3070 416 3120 suo
431 3049 533 3134 magis
549 3071 646 3134 quam
665 3072 777 3114 eorum
795 3052 928 3115 nomine
944 3049 1130 3125 delectetur,

148 3155 206 3238 qui
224 3165 314 3218 recte
333 3154 537 3240 judicabunt.

583 3351 608 3430 S·
650 3353 720 3418 81·i
753 3412 756 3419 ,
849 3424 851 3428 Α

93 3512 99 3520 -
146 3479 180 3569 h)
219 3480 268 3540 De
290 3479 424 3543 materia
445 3479 614 3563 discipulis
637 3482 671 3543 in
692 3480 871 3545 exercenda
890 3492 960 3546 arte
976 3481 1135 3546 rhetorica

167 3582 170 3587 ⁵
585 3589 700 3652 danda.

420 3727 536 3838 Quinta.
572 3770 659 3842 (nia.
679 3788 703 3824 c.
716 3771 746 3841 ,4.
759 3772 795 3825 ‘aa
812 3770 856 3839 s.)

209 3897 303 3980 Apud
330 3898 493 3962 rhetorem
522 3900 651 3962 initium
675 3902 763 3980 (scil.
788 3901 1030 3964 exercitationis
1056 3903 1178 3964 scria

147 4006 264 4081 bandi)
297 4008 338 4067 sit
356 4011 509 4079 distoria;
542 4020 634 4071 tanto
652 4010 837 4088 robustior,
876 4023 1000 4093 quanto
1020 4012 1178 4073 verior-

146 4114 209 4178 sed
232 4116 383 4178 narrandi
410 4118 542 4198 quidem
562 4141 645 4201 quac
666 4120 759 4182 nobis
783 4119 904 4204 optima
921 4118 1007 4182 ratio
1028 4120 1178 4182 videa-
