2610 4800
597 452 682 532 285

162 642 276 719 latioris
294 652 532 720 immortalitati
554 653 824 737 commendaturi
863 654 945 717 Nam
963 654 991 717 si
1007 638 1073 739 qua
1089 668 1140 725 est

162 756 199 827 trs
213 763 296 843 alia,
320 785 405 848 quae
419 763 613 842 verborum,
636 772 693 825 aut
709 762 953 839 faciendorum,
982 776 1039 827 aut
1059 764 1142 827 deli.

159 870 320 957 pudorum
335 844 508 934 adientium
525 871 740 954 profiteatnr;
765 870 793 931 si
810 871 986 955 quisquam
1002 872 1139 951 dicitnr,

158 980 207 1045 tiri
238 988 368 1057 orator,
402 978 542 1041 formare
574 979 756 1041 orationem
782 1001 919 1063 eamque
948 980 1139 1044 variareet

155 1088 354 1173 distinguere,
377 1087 473 1170 quasi
489 1086 685 1169 quibusdam
701 1087 874 1148 verborum
890 1088 1144 1151 sententiarum·

131 1220 136 1281 Ιι
155 1216 205 1281 qus
220 1194 429 1281 insignibam
454 1204 512 1256 aut
529 1193 556 1254 si
574 1194 627 1254 ria
645 1193 735 1273 ulla,
760 1193 823 1256 nisi
840 1196 880 1256 ab
900 1194 960 1257 hac
978 1217 1043 1256 una
1058 1207 1141 1276 arte,

131 1288 304 1401 itenditur,
335 1313 394 1364 aut
414 1312 681 1384 argumentorum
709 1311 765 1363 aut
792 1303 1051 1382 sententiarum,
1083 1313 1141 1368 ant

153 1410 282 1497 lenique
311 1409 544 1494 descriptionis
573 1420 672 1491 atque
703 1409 849 1470 ordinis:
890 1412 1051 1471 fateamur
1083 1422 1141 1477 aut

150 1516 223 1601 trs,
251 1518 343 1603 quod
367 1517 447 1579 haec
473 1539 524 1578 ars
551 1516 763 1602 profiteatur,
796 1517 1050 1596 attenuarem,
1083 1527 1142 1583 aut

131 1628 219 1695 {um
239 1627 352 1711 aliqua
377 1625 441 1687 alia
466 1635 537 1688 arte
569 1646 640 1688 esse
665 1646 848 1687 commune.
889 1624 953 1689 Sed
977 1626 1055 1703 siin
1077 1625 1140 1690 hac

131 1736 133 1741 ’
150 1754 208 1799 ana
223 1747 275 1799 est
290 1758 328 1799 ea
340 1734 425 1797 ratio
444 1743 543 1817 atque
560 1731 731 1807 doctrina;
765 1753 850 1809 non,
882 1731 911 1793 si
930 1732 987 1815 qui
1004 1712 1142 1801 aliarum

150 1824 262 1907 ¹ortium
274 1844 359 1906 hene
374 1841 507 1925 loquuti
524 1851 612 1917 sunt,
634 1860 672 1901 eo
686 1840 793 1901 minus
811 1840 845 1901 id
862 1850 912 1903 est
926 1838 1022 1924 hujus
1039 1841 1140 1904 unius

147 1949 329 2037 preprium
353 1948 411 2011 sed
429 1958 466 2010 ut
479 1957 589 2010 orator
602 1946 643 2010 de
660 1947 700 2008 iis
717 1948 832 2025 rebus,
856 1968 940 2029 quae
957 1957 1141 2013 ceterarum

149 2061 261 2123 artium
289 2068 386 2137 sunt,
419 2057 446 2120 si
475 2055 572 2119 modo
601 2077 654 2119 cas
682 2054 851 2138 cognorit,
882 2089 922 2101 -—
943 2091 985 2103 -
1017 2048 1140 2139 optime

146 2175 251 2253 potest
274 2167 402 2230 dicere:
435 2164 483 2225 sic
508 2146 709 2225 caeterarum
732 2162 852 2223 artium
874 2159 1025 2224 homines
1047 2183 1141 2223 orna·

146 2275 209 2341 tius
227 2274 285 2337 illa
305 2296 365 2338 sua
386 2272 522 2348 dicunt,
554 2270 582 2333 si
603 2270 685 2355 quid
707 2271 746 2334 ab
769 2269 831 2333 hac
853 2280 923 2335 arte
942 2269 1140 2335 didicerunt.

148 2382 243 2481 (naa
259 2404 288 2447 ο·
307 2386 358 2467 a)

340 2573 542 2641 Quintilianus.
578 2571 686 2644 (Instit.
704 2581 771 2626 orat.
787 2574 826 2628 11.
844 2589 868 2627 c.
888 2569 944 2643 16.)

199 2699 359 2793 §equitur
368 2700 529 2784 quaestio,
554 2721 593 2759 an
608 2702 694 2760 utilis
708 2699 890 2763 rhetorice?
911 2700 992 2762 Nam
1008 2697 1142 2782 quidam

146 2806 351 2885 vehementer
371 2809 406 2868 in
427 2830 496 2869 earn
516 2806 627 2869 invehi
649 2807 774 2870 solent:
797 2817 842 2883 et,
867 2806 956 2890 quod
976 2808 1019 2868 sit
1034 2807 1142 2890 inslig-
1257 2874 1260 2881 ,

147 2915 336 2994 nissimum,
368 2916 401 2976 in
424 2915 671 2978 accusationem
687 2915 845 2977 orationis
866 2924 1007 2975 utuntur
1025 2914 1141 2975 orandi

147 3026 281 3089 viribusz
309 3024 543 3110 Eloquentiam
564 3046 655 3103 esse,
690 3046 774 3106 quae
795 3024 911 3106 poenis
933 3023 1050 3106 eripiat
1069 3045 1143 3084 sce-

145 3133 253 3213 lestos,
276 3131 370 3217 cujus
384 3134 500 3197 fraude
517 3132 714 3196 damnentur
731 3133 862 3195 interim
882 3133 979 3211 boui,
1003 3130 1143 3194 consilia

145 3240 307 3305 ducantur
335 3243 369 3303 in
398 3240 508 3326 pejus;
544 3264 605 3303 nec
635 3242 811 3304 seditiones
837 3240 933 3303 modo
961 3241 1142 3322 turbaeque

143 3351 333 3435 populares,
365 3349 423 3411 sed
450 3350 535 3411 bella
563 3348 660 3411 etiam
695 3349 903 3433 inexpiabilia
934 3349 1120 3410 excitentur
1130 3371 1139 3420 ς

143 3452 236 3543 cujus
258 3456 403 3540 denique
425 3468 496 3519 turn
513 3452 652 3519 maxime
675 3458 718 3517 sit
738 3480 836 3532 usus,
868 3479 944 3519 cum
969 3478 1028 3540 pro
1048 3453 1141 3514 salsis

141 3576 258 3631 contra
292 3566 463 3630 veritatem
498 3567 594 3628 valet.
644 3566 722 3628 Nam
761 3577 794 3628 et
817 3566 944 3629 Socrati
980 3563 1143 3648 objiciunt

135 3674 258 3740 comici
276 3675 325 3754 Ἴ,
357 3674 476 3737 docere
500 3697 593 3755 eum,
625 3673 789 3758 quomodo
821 3672 964 3759 pejorem
991 3693 1142 3735 caussam

178 3915 207 3989 ¹)
225 3916 426 3987 Aristophanes
440 3916 470 3968 in
484 3916 556 3969 Nub.
576 3935 601 3971 v.
619 3920 670 3973 882
687 3934 763 3986 seqq.
783 3914 823 3968 Cf.
839 3915 943 3968 Seneca
956 3914 991 3969 de
1006 3915 1052 3968 rit.
1065 3913 1141 3973 beat.

224 4029 250 4068 c.
263 4029 305 4081 27.
322 4010 371 4065 ubi
387 4013 512 4071 Socrates
525 4011 578 4064 hoc
595 4012 675 4073 modo
692 4012 728 4064 do
741 4029 769 4064 se
783 4010 840 4082 ipso
854 4010 1138 4081 loquensinducitur:

226 4106 367 4161 aPraebui
396 4126 445 4176 ego
468 4107 618 4181 aliquando
639 4106 813 4181 Aristophani
836 4106 977 4161 materiam
998 4108 1137 4174 jocorum3
