2610 4800
613 391 699 467 488

161 594 241 659 reris
257 590 441 657 affectibus.
482 588 640 671 Quod-ia
661 590 868 653 orationibus
888 612 1023 674 quoquo
1037 592 1157 655 erasit.

157 704 300 786 ttamqas
322 699 390 778 cic,
424 720 509 784 quae
534 696 778 781 inexemplum
801 698 1013 776 assumimus,
1047 697 1159 763 subest

157 820 273 875 utura
291 817 326 873 et
341 830 417 873 ron
436 807 504 870 vis:
538 817 653 869 contra
674 806 944 869 omniaimitatio
962 808 1037 871 licta
1053 814 1105 871 sat
1124 814 1160 870 ot

153 918 193 981 atl
217 917 365 981 alienum
386 914 590 999 propositum
615 914 893 979 accommodatur.
936 918 1010 996 Quo
1035 914 1089 995 fit,
1120 920 1159 975 ut

109 1022 116 1159 Ι
154 1024 263 1089 miuus
292 1022 461 1107 unguinis
490 1045 528 1085 ac
559 1022 681 1084 uirium
708 1022 966 1087 declamationes
997 1022 1157 1103 habeant,

109 1194 111 1201 ,
153 1156 253 1219 qum
269 1131 454 1205 orationem
488 1131 566 1214 quia
587 1130 824 1206 inillisvera‚
848 1130 1158 1196 iubisassimulatu

109 1276 112 1283 ·
153 1239 357 1305 mteriaest
378 1241 415 1318 ).
457 1239 549 1302 Adde
568 1239 657 1322 quod
681 1261 742 1317 ea,
777 1259 861 1322 quus
883 1237 919 1298 iu
939 1250 1070 1302 oratore
1091 1261 1160 1303 ma·

155 1348 242 1409 xima
260 1358 358 1423 suut,
389 1345 559 1409 imitabilia
578 1367 644 1408 non
665 1356 766 1424 suut,
788 1348 968 1430 ingenium,
996 1348 1162 1423 inventio,

156 1458 228 1529 oie,
238 1456 386 1540 facilitas
404 1467 437 1518 et
453 1454 617 1539 quidquid
633 1466 703 1517 arte
718 1476 786 1515 uon
806 1455 957 1518 truditur.
998 1454 1075 1520 ldeo
1089 1456 1159 1540 pls·
1234 1504 1238 1511 -

109 1570 112 1581 '
157 1563 275 1647 rique,
307 1584 384 1627 curu
409 1563 507 1626 rerba
536 1582 575 1625 ex
604 1563 809 1625 orationibus
834 1572 1068 1647 excerpserunt
1099 1572 1159 1629 aut

109 1738 111 1759 Ι
158 1670 286 1755 aliquos
306 1669 555 1754 compositionis
574 1676 682 1733 oerlos
706 1672 822 1754 pedes,
855 1672 936 1735 mire
955 1694 972 1733 a
991 1691 1025 1735 te
1036 1716 1046 1750 ‚
1074 1690 1161 1756 quae

143 1778 444 1863 'legerunt-effingi
461 1778 678 1839 arbitrentur:
702 1801 778 1841 cum
795 1789 829 1842 et
846 1781 941 1841 verba
958 1779 1160 1843 intercidant
1278 1864 1282 1871 ι

159 1883 427 1969 invalescantque
442 1888 644 1970 temporibus
659 1882 721 1966 ”)’,
744 1894 801 1966 (ut
818 1909 958 1970 quorum
975 1888 1156 1953 certissimi

158 1994 197 2061 tit
222 1994 335 2078 regula
366 1996 399 2057 iu
424 1995 704 2071 consuetudine),
739 2018 839 2078 euque
869 2019 941 2079 nou¹
960 2018 1018 2057 sua
1040 2007 1157 2061 natur·

115 2168 125 2189 ·.
157 2104 220 2167 siut
240 2104 327 2165 boue
345 2112 403 2164 aut
425 2103 529 2177 mula,
561 2109 654 2182 (uum
675 2125 733 2186 per
749 2124 784 2165 ae
803 2103 874 2163 soni
893 2112 1019 2165 tautum
1038 2110 1155 2180 sunt),

157 2212 210 2285 ted
235 2221 544 2295 proutflopportune
573 2211 770 2294 proprieque
793 2222 851 2273 aut
868 2232 969 2273 secus
994 2212 1155 2274 collocata

109 2326 111 2333 '
157 2330 250 2397 tout,
273 2327 307 2382 el
324 2318 519 2403 compositio
536 2340 612 2380 cum
632 2319 728 2381 rebus
752 2320 996 2383 accommodata
1020 2319 1064 2381 sit
1085 2329 1156 2381 tum

156 2426 310 2489 totietate
330 2425 522 2510 gratissima.

214 2536 424 2617 Quapropter
444 2533 652 2596 exactissimo
673 2532 798 2616 judicio
821 2535 908 2597 circa
929 2533 1013 2600 hanc
1030 2547 1155 2621 partem

114 2624 117 2631 .
156 2641 339 2706 studiorum
364 2642 576 2704 examinanda
604 2654 681 2705 sunt
707 2643 826 2706 omnia.
868 2642 1036 2721 Primum,
1075 2665 1183 2731 quos·

144 2748 334 2812 imitemur·
358 2752 433 2810 nam
454 2760 532 2811 sunt
552 2748 707 2833 plurimi,
730 2771 787 2835 qur
780 2748 1058 2812 similitudinem
1078 2771 1154 2834 pes·

156 2846 227 2918 simi
248 2854 409 2940 cujusque
428 2868 460 2920 et
478 2856 718 2939 corruptissimi
739 2858 994 2949 concupierunt·
1028 2858 1151 2921 lumin

155 2964 252 3047 ipsis,
286 2987 370 3049 quos
391 2965 604 3049 elegerimus,
637 2965 803 3049 quidest
836 2965 877 3027 ud
896 2965 1066 3049 quo'dnos
1087 2968 1153 3032 effi-

156 3072 314 3135 ciendum
324 3093 559 3156 comparemus.
600 3074 707 3135 Num
698 3096 733 3135 m
750 3073 872 3158 maguis
888 3089 1020 3158 quoque
1038 3087 1153 3138 aucto-

154 3180 243 3244 ribus
263 3182 417 3245 iuciduat
445 3181 555 3264 aliqua
581 3182 700 3244 vitiosa
726 3191 758 3243 et
785 3204 802 3242 a
827 3182 935 3246 doctis
956 3181 1152 3268 inter'ipsoa

155 3289 251 3354 etiam
270 3286 384 3350 mutuo
400 3288 614 3372 reprehensa:
635 3301 735 3372 etque
751 3291 877 3367 utinam
894 3299 960 3352 tam
975 3280 1061 3353 b'oua
1077 3291 1152 3353 imi·
1237 3321 1243 3328 ·

154 3406 261 3460 tentes
280 3394 429 3462 dicerent
447 3396 576 3474 melius,
595 3380 694 3482 uuam
708 3399 790 3460 mala
807 3397 898 3485 pejus
919 3398 1042 3489 dicuut-
1082 3401 1150 3466 Nee

153 3526 232 3567 vero
247 3505 363 3569 saltem
383 3504 444 3584 iis,
468 3506 588 3591 quibua
607 3508 647 3570 ud
666 3506 818 3599 evitanda
838 3508 919 3589 ritis
936 3506 1055 3594 judicii
1072 3508 1150 3570 satis

152 3614 236 3693 iuit,
257 3612 396 3705 sufficiat
411 3614 584 3701 imaginem
602 3615 735 3701 virtutis
751 3614 902 3703 effingere
920 3625 953 3680 st
968 3617 1070 3680 solam
1080 3660 1090 3696 ,
1113 3625 1151 3681 ut

196 3869 225 3943 ⁴)
242 3872 310 3927 ilii:
327 3840 495 3947 propositum
510 3872 749 3957 accommodatur,
769 3872 945 3948 quodsocic:
964 3884 997 3929 ut
1010 3877 1099 3930 miuus
1116 3907 1147 3919 -

236 3964 341 4022 latens
357 3996 387 4011 -
402 3971 552 4024 orationes:
571 3970 704 4040 quonium
717 3968 746 4022 lu
761 3966 823 4026 lllis.
883 4024 885 4029 .

182 4058 226 4133 *')
241 4062 283 4115 cf.
297 4066 395 4117 Horas.
412 4065 446 4116 sd
464 4065 551 4118 Pison.
568 4084 592 4117 r.
610 4081 642 4134 70
657 4081 732 4136 seqq.
