2610 4800
626 126 706 203 581

146 314 297 411 degunt,
316 343 571 411 responsorum,
594 324 758 389 dictorum
781 324 925 409 denique
944 314 1172 411 fretorumque
1278 304 1281 311 Ι

145 436 263 499 velut
281 433 439 518 quasdem
454 434 584 519 copiae,
617 434 738 517 quibus
755 428 921 495 abundare
932 468 944 512 ,·
973 410 1118 518 quiesque
1136 436 1172 496 in

145 542 324 626 prdmptu
343 561 469 625 semper
492 542 610 603 habere
639 542 734 604 debet
758 551 887 616 orator,
920 540 1031 603 eudem
1046 542 1101 602 illu
1120 538 1173 603 rie

145 658 402 735 repraesentat.
429 652 540 733 Neque
556 650 716 711 immerito
733 652 896 711 thesaurus
909 650 964 710 hie
979 644 1172 737 eloqtleutiae

146 752 296 820 dieitur
311 756 349 838 *).
390 758 454 819 Sed
480 778 544 819 non
569 759 660 819 firme
680 768 808 818 tantum
831 758 1025 835 continere,
1059 779 1174 819 verum

147 864 271 925 etiam
291 865 360 927 cito
381 866 550 951 percipere
566 866 668 943 multu
686 875 819 927 acturos
839 877 988 948 oportet,
1012 888 1073 928 nec
1090 884 1175 948 queo
1279 862 1284 869 “

145 964 343 1056 scripserit
370 974 466 1035 modo
494 980 609 1036 iterate
640 972 784 1036 lectione
815 973 1010 1055 complecti,
1052 973 1110 1035 sed
1138 973 1174 1033 in

146 1079 323 1164 cogitatio
336 1102 465 1165 quoque
481 1104 591 1145 rerum
608 1104 646 1144 ue
663 1083 837 1144 verborum
856 1091 1046 1143 contextum
1064 1081 1174 1164 sequi:

149 1198 218 1265 et,
237 1208 331 1279 'qnae
350 1189 419 1252 sint
438 1190 478 1252 ub
498 1188 631 1252 adversa
651 1201 742 1273 purte
763 1188 863 1265 dieta3
887 1188 1088 1250 meminisse:
1112 1208 1175 1250 nee

148 1296 289 1379 utique
309 1316 364 1371 ea,
395 1294 664 1379 quodieturunt
688 1296 823 1373 ordine,
852 1296 1013 1370 refutare,
1045 1294 1102 1355 sed
1122 1315 1176 1376 op·

152 1401 325 1486 ¹portuuir
344 1402 428 1465 loeis
447 1424 579 1486 ponere.
613 1404 723 1483 Quid?
744 1402 970 1486 extemporalis
992 1403 1096 1465 oratio
1113 1422 1175 1466 nee

162 1509 236 1573 ulio
257 1509 337 1571 mihi
362 1510 491 1574 videtur
508 1513 627 1575 mentio
645 1512 757 1595 vigore
780 1520 940 1573 constare.
990 1512 1071 1572 Nam
1096 1510 1176 1572 dum

166 1618 235 1680 eliu
250 1618 410 1697 dicimus,
432 1640 514 1703 quae
528 1620 652 1682 dicturi
671 1641 802 1699 sumus,
825 1620 981 1682 intuenda
997 1628 1083 1680 sunt.
1126 1619 1177 1680 ltu

170 1748 276 1811 quum
302 1747 429 1811 temper
454 1729 609 1811 cogitatio
635 1728 722 1791 ultra
746 1728 799 1805 id,
832 1728 921 1811 quod
942 1738 1011 1805 est,
1045 1727 1176 1811 longius

173 1832 322 1919 quaerit,
343 1834 501 1919 quicquid
521 1836 652 1898 interim
672 1836 805 1919 reperit,
830 1835 1070 1919 quodammodo
1092 1832 1178 1919 apud

129 1970 150 2009 ·.
174 1934 362 2005 memoriam
380 1942 532 2026 deponit:
563 1943 652 2026 quod
670 1943 748 2020 itta,
779 1944 872 2027 quusi
891 1944 996 2005 media
1018 1942 1179 2031 quoedum

174 2054 314 2127 hunus,
355 2058 526 2132 acceptum
559 2051 599 2112 ab
634 2050 825 2113 inventione
860 2051 960 2112 trudit
988 2047 1179 2112 elocutioni.

175 2156 247 2219 lion
271 2155 414 2218 arbitror
432 2167 540 2219 autem
563 2157 642 2218 mihi
663 2160 696 2219 in
718 2158 780 2220 hoe
803 2157 1063 2235 immorandum,
1099 2156 1182 2240 quid

177 2262 243 2342 rit,
278 2263 369 2347 quod
386 2264 709 2327 meinoriumsueiut:
742 2288 930 2348 quanquam
947 2267 1096 2349 plerique
1123 2266 1182 2327 im·

127 2408 130 2413 -
177 2370 274 2457 primi
292 2372 451 2454 quaedum
469 2371 602 2455 vestigia
618 2371 747 2449 animo,
771 2372 862 2433 velut
881 2374 915 2432 in
936 2373 1019 2434 ceris
1039 2373 1182 2433 annulo·

178 2498 250 2541 rum
265 2479 357 2561 sigua
375 2491 569 2557 serventur,
602 2481 791 2542 existimant
810 2480 844 2509 *¹*
829 2482 866 2559 *.)
909 2478 1020 2564 Neque
1038 2502 1093 2542 ero
1115 2491 1182 2543 tam

128 2654 132 2663 ,
181 2585 357 2664 eredulue,
395 2597 432 2649 ut
464 2588 558 2670 quusi
591 2586 706 2650 habitu
732 2587 908 2649 tardiorem
939 2588 1182 2708 firmioremque
1261 2580 1282 2609 ”

182 2694 368 2756 memorium
389 2694 456 2757 lieri
476 2704 598 2779 putem.
628 2695 707 2780 Ejus
726 2708 846 2773 autem,
871 2695 960 2779 quod
979 2695 1019 2756 ad
1037 2694 1182 2757 animum

182 2801 334 2885 pertinet,
357 2803 456 2884 magia
474 2802 615 2865 admirer
632 2814 801 2881 naturum,
823 2805 930 2865 subito
948 2826 1000 2866 res
1023 2812 1181 2887 vetustas,

184 2916 273 2969 nato
299 2916 340 2971 e'x
363 2908 536 2972 intervallo
559 2912 738 2996 repetitas,
767 2911 905 2975 reddere
932 2932 967 2974 se
990 2924 1023 2978 et
1046 2913 1179 2975 offerret

215 3119 244 3191 Ἴ
269 3121 347 3191 Quid
361 3122 452 3179 dicam
471 3123 506 3180 de
525 3124 657 3181 thermae
677 3146 770 3182 renam
790 3130 911 3180 omnium
925 3128 1079 3182 memoria?
1103 3129 1184 3194 Quat

268 3220 326 3271 nisi
348 3232 439 3272 eustos
462 3222 582 3273 irwentis
606 3224 829 3295 [cogitatisque]
860 3225 941 3276 rebar
967 3238 994 3275 et
1015 3224 1109 3276 verbis
1132 3220 1185 3274 adr

128 3292 136 3333 Γ
240 3312 413 3375 ,bibentum
447 3315 648 3386 intelligimur,
681 3320 794 3380 omnia,
820 3320 930 3371 etianui
955 3318 1186 3388 praeclarissima

196 3403 200 3414 '
259 3407 394 3481 suerint,
420 3409 452 3460 in
473 3411 603 3465 oratioue
626 3414 765 3481 peritura.
803 3412 908 3468 Cicero.
946 3413 1007 3484 (De
1027 3424 1095 3467 ont.
1119 3414 1184 3470 1.5.

287 3496 298 3505 ”
315 3505 355 3557 18.

217 3499 455 3661 “lindiam
480 3593 596 3651 Theaet.
619 3617 645 3670 p.
665 3599 713 3668 154
731 3607 760 3653 et
778 3600 834 3653 156.
871 3600 922 3656 Ed.
943 3601 971 3655 B.
1010 3604 1044 3655 Iu
1067 3602 1185 3658 Philebo

270 3687 346 3741 Plato
365 3691 519 3743 memoriam
543 3688 697 3769 Σωτηρίαν
721 3695 884 3763 αἰσθήσεως
907 3706 1005 3761 vocat,
1034 3715 1184 3771 eamquea

271 3782 470 3838 reminiscentia
482 3785 680 3864 (ἀναμνησει)
694 3788 845 3858 distinguit
882 3789 955 3849 Phil.
969 3813 997 3866 p.
1012 3794 1073 3847 255.
