2610 4800
506 428 588 507 341

75 628 298 719 respondendo,
328 636 386 691 snt
403 627 488 693 male
506 622 755 713 respondendo,
782 624 912 710 lougius
933 645 1051 711 procs-

15 756 23 767 '
73 718 344 823 deumgstionem
363 758 430 799 non
452 736 541 799 sinit
585 740 695 814 Quare
722 734 849 797 ratione
873 734 1050 817 rogationis

71 846 240 931 inprudens
266 846 308 907 ab
331 866 390 923 eo,
428 843 517 927 qaod
537 842 702 904 concessit
726 842 841 920 adid,
875 842 964 924 quod
984 862 1050 903 non

71 954 123 1017 tslt
144 950 349 1029 concedere,
381 950 593 1014 deducendas
622 958 680 1010 est.
728 950 920 1011 Extremum
943 959 1053 1011 autem

11 1082 24 1109 ·-
70 1072 111 1125 snt
125 1072 276 1125 taceatur
295 1071 447 1145 oportet,
483 1068 539 1120 aut
567 1056 789 1136 concedatur,
828 1070 884 1121 aut
907 1069 1053 1141 negetur.

59 1170 92 1239 ,ii
110 1170 298 1255 negabitur,
330 1181 388 1233 aut
415 1166 617 1257 ostendenda
645 1176 697 1227 est
726 1165 909 1227 similitudo
942 1188 1054 1228 earum

66 1298 183 1355 mum,
206 1298 291 1360 qnae
311 1286 388 1338 ante
409 1296 585 1337 concessae
610 1282 707 1350 suut,
742 1285 798 1336 aut
816 1274 877 1333 alia
894 1273 1055 1335 utendum

11 1422 20 1441 ι
64 1382 256 1449 inductione.
298 1383 334 1445 Si
363 1382 579 1460 conceditur,
621 1379 848 1441 concludenda
883 1391 933 1441 est
959 1402 1056 1463 argu-

63 1494 219 1557 mentatio.
259 1491 294 1553 Si
311 1491 493 1568 tacebitur,
527 1499 585 1550 nat
605 1488 768 1551 elicienda
792 1500 841 1550 est
863 1488 1052 1570 respousi03

62 1600 128 1679 sut,
148 1600 306 1685 quoniam
326 1598 537 1662 taciturnitas
553 1598 700 1660 imitatur
719 1596 972 1673 consessionem,
995 1617 1055 1678 pro

61 1728 112 1786 ea,
141 1732 181 1771 ac
197 1708 226 1769 si
240 1729 434 1771 concessum
455 1707 517 1783 sit,
549 1706 749 1768 concludere
770 1705 934 1787 oportebit
958 1726 1056 1786 argn-

62 1816 296 1879 mentitionem.
347 1818 395 1878 lta
433 1814 471 1877 ut
500 1814 563 1875 boc
589 1837 690 1896 genus
720 1813 968 1896 argumentandi
995 1811 1057 1873 tri·

61 1924 217 2007 pertitum.
270 1923 379 1985 Prima
411 1944 486 2007 pars
514 1942 552 1983 cx
578 1921 794 1982 similitudine
828 1930 958 1981 coristat
990 1943 1056 1981 una

61 2030 262 2115 pluribusre3
300 2030 402 2093 altera
432 2052 471 2092 ex
499 2051 557 2106 eo,
594 2029 684 2111 qaod
714 2028 852 2090 concedi
883 2028 1055 2108 volamus,

64 2137 146 2223 cnjus
178 2160 278 2201 causa
305 2137 538 2201 similitudines
566 2137 729 2199 adhibitae
755 2148 851 2210 sunt;
890 2137 986 2199 tertia
1017 2157 1056 2198 ex

64 2246 292 2324 conclusione,
317 2268 401 2329 quae
421 2257 478 2308 aut
498 2246 671 2307 confirmat
690 2245 958 2321 concessionem,
981 2256 1056 2324 aut,

63 2354 136 2437 qnid
167 2376 208 2419 ex
234 2376 270 2417 ea
295 2352 510 2429 conficiatur,
542 2352 697 2415 ostendit.
727 2389 769 2402 -
798 2360 836 2399 -2
866 2386 908 2399 -
950 2352 997 2414 Ac
1016 2352 1057 2416 de

23 2490 28 2495 ·
61 2458 248 2527 inductione
267 2462 401 2546 quidem
417 2462 497 2523 satis
515 2462 547 2521 iu
569 2462 752 2545 praesentia
772 2461 899 2524 dictum
916 2461 1055 2523 videtur.

10 2622 18 2657 ,
59 2566 147 2633 dunc
166 2570 324 2655 deinceps
348 2572 601 2633 ratiocinationis
625 2571 690 2631 vim
714 2580 747 2633 et
773 2581 922 2632 naturam
946 2569 1057 2630 consi-

10 2664 32 2719 ’-
58 2674 213 2741 deremus.
241 2712 280 2727 --
304 2715 342 2727 -

108 2786 345 2849 Rsrsacrssrru
372 2796 423 2848 est
451 2786 557 2849 oratio
587 2809 626 2849 ex
655 2784 723 2871 ipsa
750 2809 785 2848 re
810 2783 976 2868 probabile
995 2784 1057 2845 ali-

56 2892 133 2977 quid
151 2892 308 2972 eliciens,
349 2895 439 2977 quod
467 2896 651 2979 expositum
677 2904 710 2956 cl
731 2918 788 2977 per
812 2917 846 2955 se
867 2894 1055 2976 cognitum,

10 3056 15 3089 ·.
55 3020 166 3064 tasse
194 3001 279 3065 siet
301 3003 429 3065 ratione
453 3006 635 3065 conlirmet.
677 3006 746 3064 Hoc
768 3005 807 3065 de
829 3025 966 3085 genere,
998 3002 1057 3083 qui

9 3096 15 3213 ἰ
55 3108 242 3193 diligentius
258 3111 534 3173 considerandum
550 3123 766 3196 putaverunt,
791 3134 866 3174 cum
889 3110 973 3171 idem
993 3132 1056 3169 usu

9 3248 17 3319 p
55 3216 185 3281 dicendi
199 3230 427 3299 sequerentur,
448 3221 628 3302 paullulum
645 3221 677 3279 in
692 3219 914 3301 praecipiendi
929 3219 1057 3279 ratione

27 3372 30 3381 .
55 3326 301 3399 dissenserunt,
337 3349 412 3387 uam
438 3329 555 3410 purtim
582 3329 730 3410 quinque
757 3326 824 3410 ejus
852 3337 960 3410 partes
986 3347 1056 3387 essc

9 3490 16 3535 Ι
55 3434 226 3509 dixerunt,
248 3435 367 3516 partim
382 3457 446 3495 nou
464 3436 555 3517 plus,
581 3458 678 3519 quam
698 3437 813 3497 intres
833 3445 942 3517 partes
963 3454 1057 3515 posse

9 3548 14 3573 ¹
54 3539 203 3603 distribui
223 3526 555 3623 putaverunt.--·
598 3545 663 3621 Qui
684 3553 820 3626 putant,
848 3542 881 3603 in
904 3543 1052 3624 quinque
1166 3606 1174 3621 „

55 3648 208 3711 distribui
231 3660 339 3733 partes
365 3663 533 3735 oportere,
568 3648 680 3734 ajunt,
711 3653 853 3734 primam
877 3649 1056 3713 convenire

56 3777 216 3840 exponere
235 3778 393 3818 summam
420 3759 712 3842 argumentationis
730 3759 771 3820 ad
794 3759 883 3819 bunc
905 3758 1056 3819 modum:

56 3862 169 3927 llelins
199 3875 420 3945 accurantur,
457 3890 540 3949 quae
570 3868 709 3928 consilio
739 3877 919 3949 geruntur,
957 3888 1057 3949 quam

58 3992 137 4053 quae
153 3972 226 4036 sine
245 3974 384 4036 consilio
405 3975 685 4037 administrantur.
719 3978 810 4036 Hunc
827 3975 963 4057 primam
982 3996 1055 4055 par-

60 4088 119 4143 tem
144 4094 340 4156 numerant;
381 4105 452 4147 eam
479 4083 634 4170 deinceps
662 4083 845 4145 rationibus
870 4081 989 4160 variis,
1022 4091 1055 4145 et
