2610 4800
490 342 750 458 ‚w

148 586 211 649 nis.
252 583 296 664 gl,
314 578 402 648 VIII.
423 586 580 660 c.a.)‚-·
622 583 681 660 (In
708 579 816 643 verbis
843 594 1044 647 aoetustate
1066 604 1169 669 repe·

79 664 101 751 ¹,
147 694 239 772 titis)
271 711 351 774 opus
375 701 445 769 est,
478 699 516 751 ut
543 683 650 773 ireque
680 690 793 752 crebra
817 689 885 752 siat
908 691 1015 768 haec,
1050 714 1168 778 neque

150 799 344 876 manifesta,
375 797 451 881 quia
479 796 562 859 nihil
583 808 633 872 est
658 797 804 859 odiosius
826 798 1065 877 affectatione,
1103 822 1166 865 nec

150 907 267 991 utique
283 907 329 968 'ab
350 881 475 967 ultimis
494 917 526 980 et
545 903 611 992 jam
633 904 817 969 obliteratis
838 906 976 988 repetita
996 910 1169 993 tempori-

149 1016 222 1078 bus.
262 1014 363 1095 (lbid.
382 1012 404 1074 l.
421 1015 444 1073 1.
464 1034 491 1074 c.
507 1013 556 1091 6.)
578 1049 620 1061 -·
660 1015 741 1075 Nam
758 1024 790 1076 et
806 1012 911 1096 prima
929 1022 980 1075 est
994 1013 1169 1098 eloquen-

55 1118 61 1129 ’
89 1162 93 1168 -
130 1124 219 1186 'tiae
239 1122 345 1185 virtus
360 1121 604 1207 perspicuitas,
628 1133 678 1199 et,
702 1122 866 1205 qusquis
891 1121 1025 1204 ingenio
1050 1125 1168 1189 minus

67 1244 70 1251 ’
108 1268 111 1280 =
151 1231 261 1310 valet,
291 1231 356 1293 hoc
371 1251 406 1292 se
426 1229 527 1312 magis
545 1229 696 1292 attollere
718 1239 749 1292 et
770 1221 906 1292 dilatare
924 1239 1098 1306 conatum
1122 1243 1171 1303 ‚ut

152 1349 278 1401 statura
303 1338 418 1400 breves
448 1337 483 1402 iu
508 1336 627 1419 digitos
661 1336 832 1418 eriguntur
856 1345 889 1399 et
911 1336 1009 1420 plura
1035 1337 1170 1403 infirmi

152 1445 331 1509 minantur.
373 1445 455 1507 Nam
474 1443 639 1523 tumidos,
664 1453 696 1506 et
713 1453 884 1526 corruptos
902 1455 936 1506 et
956 1444 1121 1509 tinnulos
1139 1458 1171 1511 et

154 1576 355 1639 quocunque
377 1553 441 1614 alio
467 1553 647 1616 cacozeliae
665 1555 784 1636 genere
805 1561 1003 1636 peccantes,
1028 1568 1172 1620 certum

153 1662 269 1742 haheo,
293 1684 359 1722 non
376 1662 514 1742 virium,
537 1662 594 1724 sed
616 1660 814 1723 infirmitalis
831 1660 913 1721 vitio
930 1659 1108 1738 laborare;
1133 1674 1174 1726 ut
1204 1688 1208 1773 q

82 1767 92 1771 ’
145 1766 377 1858 1οοιῬοτὲι-ιιοιι
394 1773 523 1847 robore,
542 1770 598 1831 sed
614 1768 802 1848 valetudine
821 1767 998 1846 inflantur,
1015 1779 1051 1831 et
1070 1783 1171 1836 recto

153 1877 273 1939 itinere
293 1876 375 1960 lapsi
398 1877 592 1960 plerumque
616 1876 802 1959 devertunt.
844 1875 918 1939 Erit
937 1897 1015 1960 ergo
1038 1878 1170 1944 obscu-

155 1985 224 2048 rior
244 1983 370 2066 etiam„
385 2007 451 2068 quo
474 1985 617 2068 quisque
641 1981 791 2047 deterior.

433 2216 857 2336 ‘cararia

327 2425 389 2487 De
430 2427 745 2491 elocutionis
790 2439 993 2494 ornatu..

158 2599 298 2666 (Ornatus
319 2599 483 2656 elocutionis
504 2620 536 2656 ea
558 2601 766 2675 complectitur,
794 2598 922 2676 quae'ad
943 2601 1074 2658 sermonis
1099 2586 1166 2680 pul-

225 2703 410 2757 claritudinem
428 2694 557 2777 vimque,
577 2714 610 2759 ut
627 2707 666 2758 ita
685 2704 793 2771 dicam,
812 2705 992 2761 aestheticam
1009 2709 1164 2782 praecipue

228 2816 257 2864 et
275 2804 382 2882 proprie
404 2809 506 2864 valent.
552 2811 646 2867 Oritur
667 2819 757 2866 autem
773 2822 884 2866 ornatus
900 2811 1021 2882 inprimis
1037 2829 1072 2864 ex
1087 2832 1164 2868 com·

177 2936 184 2951 ··
227 2912 378 2984 positione,
398 2931 432 2966 ex
447 2907 678 2990 amplificatione,
696 2933 730 2969 ex
736 2912 897 2990 figuris.'-
935 2915 990 2968 Sed
1003 2915 1162 2982 audiamus,

208 3042 211 3047 ·
227 3033 300 3089 quae
316 3016 351 3070 de
365 3024 476 3072 ornatus
493 3018 520 3074 vi
535 3027 620 3095 atque
635 3020 748 3074 notione
763 3015 913 3091 praefanda
927 3017 1029 3072 habeat
1046 3021 1164 3088 Quinti·

228 3114 342 3188 uanus)
356 3113 389 3188 *).

600 3256 624 3336 s.
667 3257 749 3320 19.-

328 3414 341 3429 ν
389 3392 485 3461 Quint.
525 3387 932 3463 (1n2a01.1.‚v111.e.3,)

221 3542 328 3610 Venio
347 3565 437 3605 nunc
458 3542 499 3603 ad
520 3555 662 3606 ornatum
671 3589 684 3618 ,
716 3543 749 3604 in
769 3565 833 3627 quo
857 3545 928 3606 sine
943 3541 1043 3604 dubio
1062 3528 1160 3625 plus,

163 3670 259 3734 quam
275 3651 308 3711 in
327 3654 445 3745 ceteris
463 3652 594 3714 dicendi
609 3653 756 3736 partibus
767 3697 777 3730 ,
789 3653 861 3731 ,sihi
876 3652 1024 3734 indulget
1039 3662 1160 3714 orator.

158 3830 538 3846 ——m

195 3953 222 4026 *)
245 3955 286 4008 Cl.
307 3957 428 4010 Aesthet.
448 3958 520 4010 liter.
540 3974 619 4010 vern.
640 3956 718 4010 Tum.
739 3958 760 4008 l.
784 3954 805 4027 §
826 3962 860 4027 98
881 3976 958 4030 seqq.
979 3976 1007 4041 p,
1026 3959 1061 4012 68
1080 3928 1159 4030 seqq.

250 4060 280 4106 et
302 4053 334 4106 T.
357 4054 393 4106 11.
417 4053 441 4118 5,
462 4069 513 4121 ²70
536 4069 615 4124 seqq.
635 4070 662 4124 p.
687 4054 735 4111 321
760 4069 836 4125 seqq.
