2610 4800
586 427 597 465 s
715 436 777 518 aa

251 635 388 718 species,
430 625 539 722 Quare
555 636 697 718 primum
711 635 907 698 intuendum
924 645 985 715 est,
1004 636 1087 719 quid
1103 637 1256 724 accipere

245 770 597 787 'mn-n*

340 865 403 918 nuit
427 865 519 937 inopia
539 875 651 932 coacta,
680 876 708 920 et
731 867 878 934 angustiis,
904 877 967 939 post
984 876 1077 930 autem
1101 868 1256 925 delectatio
1291 904 1295 929 .

196 948 202 955 ’
246 976 248 981 ·
338 961 553 1032 iucunditasque
574 961 733 1016 celebravit.
775 962 844 1014 Nam
872 971 905 1014 ut
923 964 1006 1015 vestis
1030 962 1137 1029 frigoris
1162 964 1256 1038 depel-
1293 958 1295 977 '

339 1054 417 1107 lendi
439 1073 521 1108 causa
542 1066 650 1127 reperta
668 1059 773 1127 primo,
807 1044 877 1127 pdst¹
892 1057 1015 1110 adhiberi
1036 1068 1138 1130 coepta
1152 1068 1203 1114 -tst
1223 1061 1256 1114 ad

340 1159 464 1202 ornatum
479 1151 560 1204 etiam
575 1152 691 1222 corporis
706 1163 734 1204 et
749 1136 908 1223 dignitatem
916 1174 927 1220 ;
946 1154 984 1206 sic
998 1154 1073 1207 verbi
1088 1156 1255 1225 translatio,
1293 1162 1295 1221 ἱ

340 1244 467 1297 instituta
482 1255 523 1298 est
534 1225 642 1315 inopiae
660 1263 751 1310 causa,
771 1247 944 1318 frequentata
958 1249 1165 1325 delectationi&
1189 1251 1256 1303 Nan

339 1357 475 1410 gemmare
489 1343 580 1401 vites,
606 1342 745 1392 luxuriem
761 1359 816 1394 esse
838 1336 870 1392 in
885 1342 976 1394 herbis
983 1378 996 1402 ,
1020 1344 1111 1394 laetas
1130 1360 1254 1415 segetes,

340 1436 422 1488 etiam
439 1424 533 1488 rudtici
546 1436 670 1489 dicunt:
695 1437 778 1506 Quod
792 1439 871 1511 renim
886 1439 1017 1490 declarari
1032 1439 1077 1491 vix
1093 1440 1181 1501 verbo
1197 1459 1256 1512 pro·
1286 1426 1289 1431 Ι

339 1530 400 1604 prio
415 1539 523 1602 potest,
541 1530 572 1581 id
587 1530 734 1596 translato,
763 1551 849 1602 quum
865 1542 905 1585 ost
920 1533 1042 1596 dictum,
1069 1533 1196 1588 illustrat
1213 1533 1256 1599 id,

338 1627 414 1698 qdod
434 1626 551 1694 intelligi
572 1627 715 1692 volumus,
741 1628 800 1694 ejus
820 1627 876 1692 rei,
904 1647 987 1699 quarn
1005 1618 1095 1680 alieno
1108 1629 1196 1682 verbo
1212 1646 1257 1701 po·

255 1710 257 1714 ι
339 1721 460 1786 suimus,
487 1721 646 1780 similitudo.
681 1723 749 1788 Ergo
765 1722 816 1774 hae
832 1723 1040 1788 translationes,
1068 1724 1149 1794 quasi
1167 1734 1258 1778 muu-

339 1817 429 1870 tionea
449 1825 530 1880 sunt,
558 1835 662 1888 quum,
696 1818 771 1888 quod
792 1835 849 1870 non
874 1800 990 1881 habeas,
1023 1817 1137 1871 aliunde
1159 1826 1256 1876 aumas·

340 1912 411 1964 Illae
427 1910 521 1982 paullo
535 1911 710 1975 audaciores,
738 1929 810 1983 quae
830 1930 886 1964 non
900 1914 1019 1983 inopiam
1039 1912 1185 1982 indicant,
1210 1914 1257 1968 aed

341 2006 458 2059 orationi
473 2007 624 2077 splendoris
643 2006 750 2077 aliquid
764 2016 918 2075 arcessunt3
953 2026 1068 2078 quarum
1091 1999 1160 2075 ego,
1191 2009 1256 2082 quid

341 2101 484 2176 vobisa'ut
497 2103 655 2154 inveniendi
670 2105 818 2168 rationem,
846 2112 894 2155 aut
908 2122 1005 2171 genera
1017 2105 1138 2176 ponam?
1177 2107 1255 2160 Simi-

342 2197 469 2249 litudinis
492 2207 532 2250 est
556 2197 591 2247 ad
614 2196 727 2250 verbum
748 2217 834 2250 unum
857 2208 997 2251 contracta
1019 2200 1153 2268 brevitas3
1183 2201 1256 2275 quod

342 2290 456 2353 verbum
477 2291 506 2344 in
528 2291 618 2344 alieno
641 2292 720 2356 loco,
748 2303 888 2365 tamquam
909 2295 939 2345 in
959 2312 1027 2358 suo,
1060 2297 1202 2366 positum,
1235 2296 1256 2350 si

311 2368 314 2373 ’
343 2387 513 2453 agnoscitur,
542 2387 677 2454 delectau
711 2388 733 2438 si
754 2389 841 2439 simile
865 2388 934 2439 nihil
957 2386 1060 2453 habet,
1088 2392 1255 2460 repudiatur.

344 2480 400 2534 Sed
415 2499 447 2534 ea
461 2482 596 2534 transferri
608 2492 732 2554 oportet,
760 2501 831 2557 quae
848 2493 896 2537 aut
911 2484 1051 2558 claqiorem
1065 2485 1175 2540 iaciunt
1190 2503 1254 2551 rem,

344 2585 376 2644 ut
389 2576 438 2627 illa
455 2577 559 2629 omnia:

602 2668 779 2729 Inhorrescit.
789 2693 864 2728 more
874 2716 885 2737 ,

397 2770 539 2825 Tenebras
554 2766 809 2842 cottduplicantur,
828 2772 974 2842 noctisque
987 2783 1014 2822 et
1027 2769 1147 2827 nimbum
1160 2786 1258 2824 occat·

899 2878 945 2921 cat
965 2868 1082 2935 nigror,

395 2961 519 3016 Flamma
544 2963 619 3016 inter
643 2962 728 3017 nubes
753 2974 899 3023 coruscat,
932 2959 1037 3012 coelum
1058 2960 1168 3011 tonitru
1194 2976 1258 3015 eon·

900 3055 1009 3114 tremit,

400 3151 532 3216 Grande,
564 3155 646 3206 mista
667 3152 751 3206 imbri
772 3151 926 3221 largifluo,
959 3149 1051 3199 subito
1068 3151 1260 3221 praecipitatu

899 3241 990 3298 cadit:

399 3339 527 3411 Undique
546 3359 637 3394 omnes
655 3342 736 3392 venti
753 3353 919 3410 erumpunt,
949 3340 1028 3392 saevi
1045 3340 1182 3392 exsistunt
1200 3353 1261 3392 tur*

898 3435 992 3486 hines:

395 3529 494 3583 Fervet
510 3541 588 3581 aestu
603 3529 727 3598 pelagus.

564 3623 699 3695 (Pacuvii
709 3643 808 3678 versus.
838 3624 878 3677 Cf.
897 3625 952 3677 Cic.
968 3623 1002 3676 de
1015 3624 1106 3675 Divin.
1123 3624 1143 3674 l.
1160 3638 1183 3675 c.
1203 3619 1262 3691 14.)

347 3716 520 3785 omniafere,
535 3736 591 3791 quo
604 3730 694 3773 essent
708 3719 831 3786 clariora,
845 3720 982 3774 translatis
993 3739 1040 3790 per
1053 3715 1263 3770 similitudinem

273 3826 276 3831 '
346 3811 435 3864 verbis
449 3815 524 3868 dicta
538 3824 609 3870 sunt.
645 3818 700 3870 Aut
715 3834 769 3886 qno
783 3817 950 3885 significetur
962 3815 1043 3882 magis
1058 3831 1099 3866 res
1113 3821 1184 3874 tota,
1204 3811 1262 3864 sivo

346 3903 413 3956 facti
436 3907 568 3976 alicujus,
597 3911 653 3965 sive
677 3911 792 3964 consilii.
819 3941 850 3951 -
878 3937 908 3948 ·-
945 3910 1156 3979 Nonnumquam
1178 3907 1262 3959 etiam

290 3992 297 4003 ¹
346 3999 465 4053 brevitas
486 3982 665 4060 translatione
687 4007 844 4069 conficitur,
872 4004 1006 4065 utillud,
1032 4005 1058 4053 si
1076 4001 1159 4053 telum
1176 4019 1263 4055 manu

341 4096 433 4171 jugia
469 4099 654 4168 Imprudentia
674 4102 725 4155 teli
744 4100 833 4156 emissi
854 4099 963 4152 brevius
982 4096 1093 4168 propriis
1109 4093 1198 4150 verbis
1214 4113 1263 4148 ex·
