<?xml version="1.0" encoding="UTF-8"?>
<!DOCTYPE html PUBLIC "-//W3C//DTD XHTML 1.0 Transitional//EN"
    "http://www.w3.org/TR/xhtml1/DTD/xhtml1-transitional.dtd">
<html xmlns="http://www.w3.org/1999/xhtml" xml:lang="en" lang="en">
 <head>
  <title>
</title>
<meta http-equiv="Content-Type" content="text/html;charset=utf-8" />
  <meta name='ocr-system' content='tesseract 3.04.00' />
  <meta name='ocr-capabilities' content='ocr_page ocr_carea ocr_par ocr_line ocrx_word'/>
</head>
<body>
  <div class='ocr_page' id='page_1' title='image "./aestheticaliter00hillgoog_0037.png"; bbox 0 0 2610 4800; ppageno 0'>
   <div class='ocr_carea' id='block_1_1' title="bbox 672 350 772 429">
    <p class='ocr_par' dir='ltr' id='par_1_1' title="bbox 672 350 772 429">
     <span class='ocr_line' id='line_1_1' title="bbox 672 350 772 429; baseline -0.06 1"><span class='ocrx_word' id='word_1_1' title='bbox 672 350 772 429; x_wconf 48' lang='lat'><strong>226</strong></span> 
     </span>
    </p>
   </div>
   <div class='ocr_carea' id='block_1_2' title="bbox 151 548 1301 2044">
    <p class='ocr_par' dir='ltr' id='par_1_2' title="bbox 151 548 1301 2044">
     <span class='ocr_line' id='line_1_2' title="bbox 247 548 1256 633; baseline 0 -19"><span class='ocrx_word' id='word_1_2' title='bbox 247 554 292 623; x_wconf 75' lang='lat' dir='ltr'><strong>At</strong></span> <span class='ocrx_word' id='word_1_3' title='bbox 307 553 372 613; x_wconf 86' lang='lat' dir='ltr'><strong>hoc</strong></span> <span class='ocrx_word' id='word_1_4' title='bbox 391 548 500 629; x_wconf 87' lang='lat' dir='ltr'><strong>idem,</strong></span> <span class='ocrx_word' id='word_1_5' title='bbox 531 549 622 633; x_wconf 92' lang='lat' dir='ltr'><strong>quod</strong></span> <span class='ocrx_word' id='word_1_6' title='bbox 642 558 693 612; x_wconf 90' lang='lat' dir='ltr'><strong>est</strong></span> <span class='ocrx_word' id='word_1_7' title='bbox 713 549 748 610; x_wconf 91' lang='lat' dir='ltr'><strong>in</strong></span> <span class='ocrx_word' id='word_1_8' title='bbox 769 548 895 611; x_wconf 87' lang='lat' dir='ltr'><strong>naturis</strong></span> <span class='ocrx_word' id='word_1_9' title='bbox 919 570 1051 628; x_wconf 85' lang='lat' dir='ltr'><strong>rerum,</strong></span> <span class='ocrx_word' id='word_1_10' title='bbox 1074 554 1256 616; x_wconf 77' lang='lat' dir='ltr'><strong>transferri</strong></span> 
     </span>
     <span class='ocr_line' id='line_1_3' title="bbox 247 641 1258 746; baseline 0.001 -25"><span class='ocrx_word' id='word_1_11' title='bbox 247 641 358 745; x_wconf 87' lang='lat' dir='ltr'><strong>potest</strong></span> <span class='ocrx_word' id='word_1_12' title='bbox 378 657 537 722; x_wconf 83' lang='lat' dir='ltr'><strong>etiamad</strong></span> <span class='ocrx_word' id='word_1_13' title='bbox 557 667 657 721; x_wconf 81' lang='lat' dir='ltr'><strong>artes·</strong></span> <span class='ocrx_word' id='word_1_14' title='bbox 699 660 771 723; x_wconf 81' lang='lat' dir='ltr'><strong>Una</strong></span> <span class='ocrx_word' id='word_1_15' title='bbox 789 657 933 742; x_wconf 85' lang='lat' dir='ltr'><strong>fingendi</strong></span> <span class='ocrx_word' id='word_1_16' title='bbox 952 667 1002 719; x_wconf 88' lang='lat' dir='ltr'><strong>est</strong></span> <span class='ocrx_word' id='word_1_17' title='bbox 1019 679 1092 736; x_wconf 84' lang='lat' dir='ltr'><strong>ars,</strong></span> <span class='ocrx_word' id='word_1_18' title='bbox 1128 659 1168 720; x_wconf 89' lang='lat' dir='ltr'><strong>in</strong></span> <span class='ocrx_word' id='word_1_19' title='bbox 1188 683 1258 746; x_wconf 84' lang='lat' dir='ltr'><strong>qua</strong></span> 
     </span>
     <span class='ocr_line' id='line_1_4' title="bbox 247 765 1258 855; baseline 0.002 -26"><span class='ocrx_word' id='word_1_20' title='bbox 247 777 453 852; x_wconf 74' lang='lat' dir='ltr'><strong>praestantes</strong></span> <span class='ocrx_word' id='word_1_21' title='bbox 468 769 604 829; x_wconf 81' lang='lat' dir='ltr'><strong>fuerunt</strong></span> <span class='ocrx_word' id='word_1_22' title='bbox 622 768 726 851; x_wconf 88' lang='lat' dir='ltr'><strong>Myro,</strong></span> <span class='ocrx_word' id='word_1_23' title='bbox 748 765 960 850; x_wconf 85' lang='lat' dir='ltr'><strong>Polycletus,</strong></span> <span class='ocrx_word' id='word_1_24' title='bbox 982 767 1146 850; x_wconf 77' lang='lat' dir='ltr'><strong>Lysippus</strong></span> <span class='ocrx_word' id='word_1_25' title='bbox 1160 777 1174 844; x_wconf 73' lang='grc' dir='ltr'><strong>ς’</strong></span> <span class='ocrx_word' id='word_1_26' title='bbox 1196 770 1258 855; x_wconf 86' lang='lat' dir='ltr'><strong>qui</strong></span> 
     </span>
     <span class='ocr_line' id='line_1_5' title="bbox 250 875 1301 955; baseline 0.002 -18"><span class='ocrx_word' id='word_1_27' title='bbox 250 897 362 937; x_wconf 86' lang='lat' dir='ltr'><strong>omnes</strong></span> <span class='ocrx_word' id='word_1_28' title='bbox 383 875 471 938; x_wconf 87' lang='lat' dir='ltr'><strong>inter</strong></span> <span class='ocrx_word' id='word_1_29' title='bbox 488 897 523 938; x_wconf 88' lang='lat' dir='ltr'><strong>se</strong></span> <span class='ocrx_word' id='word_1_30' title='bbox 541 875 717 938; x_wconf 82' lang='lat' dir='ltr'><strong>dissimiles</strong></span> <span class='ocrx_word' id='word_1_31' title='bbox 739 879 897 955; x_wconf 83' lang='lat' dir='ltr'><strong>fuerunt,</strong></span> <span class='ocrx_word' id='word_1_32' title='bbox 920 875 979 941; x_wconf 88' lang='lat' dir='ltr'><strong>sed</strong></span> <span class='ocrx_word' id='word_1_33' title='bbox 994 875 1040 938; x_wconf 88' lang='lat' dir='ltr'><strong>ita</strong></span> <span class='ocrx_word' id='word_1_34' title='bbox 1054 883 1195 954; x_wconf 88' lang='lat' dir='ltr'><strong>tamen,</strong></span> <span class='ocrx_word' id='word_1_35' title='bbox 1219 887 1259 939; x_wconf 88' lang='lat' dir='ltr'><strong>ut</strong></span> <span class='ocrx_word' id='word_1_36' title='bbox 1300 936 1301 949; x_wconf 64' lang='grc'>,</span> 
     </span>
     <span class='ocr_line' id='line_1_6' title="bbox 250 983 1258 1060; baseline 0 -15"><span class='ocrx_word' id='word_1_37' title='bbox 250 984 414 1046; x_wconf 90' lang='lat' dir='ltr'><strong>neminem</strong></span> <span class='ocrx_word' id='word_1_38' title='bbox 429 983 482 1045; x_wconf 89' lang='lat' dir='ltr'><strong>sui</strong></span> <span class='ocrx_word' id='word_1_39' title='bbox 499 983 580 1045; x_wconf 82' lang='lat' dir='ltr'><strong>velis</strong></span> <span class='ocrx_word' id='word_1_40' title='bbox 598 1006 668 1046; x_wconf 88' lang='lat' dir='ltr'><strong>esse</strong></span> <span class='ocrx_word' id='word_1_41' title='bbox 686 983 886 1046; x_wconf 87' lang='lat' dir='ltr'><strong>dissimilem.</strong></span> <span class='ocrx_word' id='word_1_42' title='bbox 922 984 992 1046; x_wconf 82' lang='lat' dir='ltr'><strong>Una</strong></span> <span class='ocrx_word' id='word_1_43' title='bbox 1005 993 1058 1060; x_wconf 34' lang='lat' dir='ltr'><strong>‚est</strong></span> <span class='ocrx_word' id='word_1_44' title='bbox 1077 1004 1130 1042; x_wconf 86' lang='lat' dir='ltr'><strong>ars</strong></span> <span class='ocrx_word' id='word_1_45' title='bbox 1147 983 1258 1045; x_wconf 86' lang='lat' dir='ltr'><strong>ratio·</strong></span> 
     </span>
     <span class='ocr_line' id='line_1_7' title="bbox 219 1074 1257 1183; baseline -0.001 -29"><span class='ocrx_word' id='word_1_46' title='bbox 219 1163 220 1166; x_wconf 8' lang='grc' dir='ltr'><strong>Ἴ</strong></span> <span class='ocrx_word' id='word_1_47' title='bbox 250 1114 315 1183; x_wconf 76' lang='lat' dir='ltr'><strong>que</strong></span> <span class='ocrx_word' id='word_1_48' title='bbox 333 1092 499 1176; x_wconf 81' lang='lat' dir='ltr'><strong>picturae,</strong></span> <span class='ocrx_word' id='word_1_49' title='bbox 523 1092 795 1176; x_wconf 82' lang='lat' dir='ltr'><strong>&#39;dissimilimique</strong></span> <span class='ocrx_word' id='word_1_50' title='bbox 817 1102 926 1154; x_wconf 86' lang='lat' dir='ltr'><strong>tamen</strong></span> <span class='ocrx_word' id='word_1_51' title='bbox 947 1090 1045 1154; x_wconf 73' lang='lat' dir='ltr'><strong>inter?</strong></span> <span class='ocrx_word' id='word_1_52' title='bbox 1055 1111 1089 1152; x_wconf 88' lang='lat' dir='ltr'><strong>se</strong></span> <span class='ocrx_word' id='word_1_53' title='bbox 1109 1074 1257 1169; x_wconf 76' lang='lat' dir='ltr'><strong>Zeuxis,</strong></span> 
     </span>
     <span class='ocr_line' id='line_1_8' title="bbox 223 1188 1258 1285; baseline 0.001 -23"><span class='ocrx_word' id='word_1_54' title='bbox 223 1199 464 1284; x_wconf 81' lang='lat' dir='ltr'><strong>·Aglaoplron,</strong></span> <span class='ocrx_word' id='word_1_55' title='bbox 494 1199 647 1284; x_wconf 81' lang='lat' dir='ltr'><strong>Apelles3</strong></span> <span class='ocrx_word' id='word_1_56' title='bbox 688 1223 806 1285; x_wconf 79' lang='lat' dir='ltr'><strong>neque</strong></span> <span class='ocrx_word' id='word_1_57' title='bbox 826 1188 939 1263; x_wconf 87' lang='lat' dir='ltr'><strong>eorum</strong></span> <span class='ocrx_word' id='word_1_58' title='bbox 970 1198 1149 1283; x_wconf 87' lang='lat' dir='ltr'><strong>quisquam</strong></span> <span class='ocrx_word' id='word_1_59' title='bbox 1184 1209 1258 1278; x_wconf 87' lang='lat' dir='ltr'><strong>est,</strong></span> 
     </span>
     <span class='ocr_line' id='line_1_9' title="bbox 226 1301 1258 1392; baseline 0 -22"><span class='ocrx_word' id='word_1_60' title='bbox 226 1331 230 1337; x_wconf 85' lang='lat'><em>·</em></span> <span class='ocrx_word' id='word_1_61' title='bbox 251 1308 306 1370; x_wconf 89' lang='lat' dir='ltr'><strong>cui</strong></span> <span class='ocrx_word' id='word_1_62' title='bbox 329 1306 511 1392; x_wconf 82' lang='lat' dir='ltr'><strong>quidquam</strong></span> <span class='ocrx_word' id='word_1_63' title='bbox 530 1309 564 1369; x_wconf 92' lang='lat' dir='ltr'><strong>in</strong></span> <span class='ocrx_word' id='word_1_64' title='bbox 584 1320 654 1371; x_wconf 88' lang='lat' dir='ltr'><strong>arte</strong></span> <span class='ocrx_word' id='word_1_65' title='bbox 672 1309 785 1371; x_wconf 87' lang='lat' dir='ltr'><strong>deesse</strong></span> <span class='ocrx_word' id='word_1_66' title='bbox 804 1309 961 1370; x_wconf 84' lang='lat' dir='ltr'><strong>videatur.</strong></span> <span class='ocrx_word' id='word_1_67' title='bbox 1003 1309 1046 1369; x_wconf 90' lang='lat' dir='ltr'><strong>Et</strong></span> <span class='ocrx_word' id='word_1_68' title='bbox 1071 1305 1098 1366; x_wconf 87' lang='lat' dir='ltr'><strong>si</strong></span> <span class='ocrx_word' id='word_1_69' title='bbox 1122 1301 1207 1370; x_wconf 51' lang='lat' dir='ltr'><strong>hoc&#39;</strong></span> <span class='ocrx_word' id='word_1_70' title='bbox 1224 1308 1258 1370; x_wconf 88' lang='lat' dir='ltr'><strong>in</strong></span> 
     </span>
     <span class='ocr_line' id='line_1_10' title="bbox 251 1400 1258 1500; baseline -0.001 -23"><span class='ocrx_word' id='word_1_71' title='bbox 251 1415 303 1478; x_wconf 85' lang='lat' dir='ltr'><strong>h&#39;is</strong></span> <span class='ocrx_word' id='word_1_72' title='bbox 337 1400 566 1500; x_wconf 14' lang='lat' dir='ltr'><strong>quasissmntis</strong></span> <span class='ocrx_word' id='word_1_73' title='bbox 597 1416 719 1477; x_wconf 88' lang='lat' dir='ltr'><strong>artibus</strong></span> <span class='ocrx_word' id='word_1_74' title='bbox 753 1406 803 1480; x_wconf 87' lang='lat' dir='ltr'><strong>est</strong></span> <span class='ocrx_word' id='word_1_75' title='bbox 836 1416 1019 1477; x_wconf 88' lang='lat' dir='ltr'><strong>mirandum</strong></span> <span class='ocrx_word' id='word_1_76' title='bbox 1059 1419 1258 1494; x_wconf 88' lang='lat' dir='ltr'><strong>(ettamen</strong></span> 
     </span>
     <span class='ocr_line' id='line_1_11' title="bbox 251 1521 1259 1616; baseline -0.004 -30"><span class='ocrx_word' id='word_1_77' title='bbox 251 1529 399 1604; x_wconf 72' lang='lat' dir='ltr'><strong>verumlz</strong></span> <span class='ocrx_word' id='word_1_78' title='bbox 423 1534 547 1608; x_wconf 85' lang='lat' dir='ltr'><strong>quanto</strong></span> <span class='ocrx_word' id='word_1_79' title='bbox 561 1524 783 1616; x_wconf 65' lang='lat' dir='ltr'><strong>admirabilius</strong></span> <span class='ocrx_word' id='word_1_80' title='bbox 798 1525 830 1586; x_wconf 90' lang='lat' dir='ltr'><strong>in</strong></span> <span class='ocrx_word' id='word_1_81' title='bbox 847 1525 993 1586; x_wconf 87' lang='lat' dir='ltr'><strong>oratione</strong></span> <span class='ocrx_word' id='word_1_82' title='bbox 1007 1535 1106 1606; x_wconf 89' lang='lat' dir='ltr'><strong>atque</strong></span> <span class='ocrx_word' id='word_1_83' title='bbox 1119 1521 1259 1605; x_wconf 78' lang='lat' dir='ltr'><strong>linguai</strong></span> 
     </span>
     <span class='ocr_line' id='line_1_12' title="bbox 252 1632 1258 1718; baseline -0.005 -22"><span class='ocrx_word' id='word_1_84' title='bbox 252 1642 356 1718; x_wconf 87' lang='lat' dir='ltr'><strong>quae,</strong></span> <span class='ocrx_word' id='word_1_85' title='bbox 391 1656 493 1717; x_wconf 88' lang='lat' dir='ltr'><strong>quum</strong></span> <span class='ocrx_word' id='word_1_86' title='bbox 513 1634 548 1696; x_wconf 93' lang='lat' dir='ltr'><strong>in</strong></span> <span class='ocrx_word' id='word_1_87' title='bbox 570 1633 688 1697; x_wconf 89' lang='lat' dir='ltr'><strong>iisdem</strong></span> <span class='ocrx_word' id='word_1_88' title='bbox 701 1632 874 1698; x_wconf 86' lang='lat' dir='ltr'><strong>sententiis</strong></span> <span class='ocrx_word' id='word_1_89' title='bbox 892 1633 1066 1714; x_wconf 85' lang='lat' dir='ltr'><strong>verbisque</strong></span> <span class='ocrx_word' id='word_1_90' title='bbox 1088 1642 1258 1708; x_wconf 86' lang='lat' dir='ltr'><strong>versetur,</strong></span> 
     </span>
     <span class='ocr_line' id='line_1_13' title="bbox 251 1728 1260 1817; baseline -0.006 -13"><span class='ocrx_word' id='word_1_91' title='bbox 251 1758 392 1806; x_wconf 86' lang='lat' dir='ltr'><strong>summas</strong></span> <span class='ocrx_word' id='word_1_92' title='bbox 407 1728 512 1807; x_wconf 75' lang='lat' dir='ltr'><strong>‘habet</strong></span> <span class='ocrx_word' id='word_1_93' title='bbox 530 1742 840 1816; x_wconf 84' lang='lat' dir='ltr'><strong>dissimilitudines3</strong></span> <span class='ocrx_word' id='word_1_94' title='bbox 876 1763 941 1801; x_wconf 90' lang='lat' dir='ltr'><strong>non</strong></span> <span class='ocrx_word' id='word_1_95' title='bbox 967 1741 1038 1817; x_wconf 89' lang='lat' dir='ltr'><strong>sic,</strong></span> <span class='ocrx_word' id='word_1_96' title='bbox 1070 1747 1107 1799; x_wconf 88' lang='lat' dir='ltr'><strong>ut</strong></span> <span class='ocrx_word' id='word_1_97' title='bbox 1126 1738 1189 1798; x_wconf 90' lang='lat' dir='ltr'><strong>alii</strong></span> <span class='ocrx_word' id='word_1_98' title='bbox 1210 1739 1260 1801; x_wconf 84' lang='lat' dir='ltr'><strong>vi-</strong></span> 
     </span>
     <span class='ocr_line' id='line_1_14' title="bbox 151 1840 1258 1940; baseline 0 -30"><span class='ocrx_word' id='word_1_99' title='bbox 151 1848 156 1855; x_wconf 86' lang='grc'><strong>’</strong></span> <span class='ocrx_word' id='word_1_100' title='bbox 181 1934 184 1940; x_wconf 25' lang='grc' dir='ltr'>Ι</span> <span class='ocrx_word' id='word_1_101' title='bbox 252 1851 427 1934; x_wconf 84' lang='lat' dir='ltr'><strong>tuperandi</strong></span> <span class='ocrx_word' id='word_1_102' title='bbox 446 1852 532 1928; x_wconf 87' lang='lat' dir='ltr'><strong>sint,</strong></span> <span class='ocrx_word' id='word_1_103' title='bbox 563 1850 621 1913; x_wconf 87' lang='lat' dir='ltr'><strong>sed</strong></span> <span class='ocrx_word' id='word_1_104' title='bbox 641 1860 680 1913; x_wconf 89' lang='lat' dir='ltr'><strong>nt</strong></span> <span class='ocrx_word' id='word_1_105' title='bbox 696 1850 741 1928; x_wconf 94' lang='lat' dir='ltr'><strong>ii,</strong></span> <span class='ocrx_word' id='word_1_106' title='bbox 774 1871 857 1937; x_wconf 83' lang='lat' dir='ltr'><strong>quos</strong></span> <span class='ocrx_word' id='word_1_107' title='bbox 878 1857 1006 1912; x_wconf 89' lang='lat' dir='ltr'><strong>constet</strong></span> <span class='ocrx_word' id='word_1_108' title='bbox 1024 1868 1093 1910; x_wconf 89' lang='lat' dir='ltr'><strong>esse</strong></span> <span class='ocrx_word' id='word_1_109' title='bbox 1113 1840 1258 1910; x_wconf 79' lang='lat' dir='ltr'><strong>laudan·</strong></span> 
     </span>
     <span class='ocr_line' id='line_1_15' title="bbox 252 1946 1257 2044; baseline 0.002 -26"><span class='ocrx_word' id='word_1_110' title='bbox 252 1957 332 2032; x_wconf 80' lang='lat' dir='ltr'><strong>dos,</strong></span> <span class='ocrx_word' id='word_1_111' title='bbox 359 1946 401 2018; x_wconf 89' lang='lat' dir='ltr'><strong>in</strong></span> <span class='ocrx_word' id='word_1_112' title='bbox 422 1958 545 2043; x_wconf 89' lang='lat' dir='ltr'><strong>dispari</strong></span> <span class='ocrx_word' id='word_1_113' title='bbox 567 1968 678 2029; x_wconf 85' lang='lat' dir='ltr'><strong>tamen</strong></span> <span class='ocrx_word' id='word_1_114' title='bbox 699 1980 817 2044; x_wconf 85' lang='lat' dir='ltr'><strong>genere</strong></span> <span class='ocrx_word' id='word_1_115' title='bbox 834 1955 1020 2020; x_wconf 87' lang='lat' dir='ltr'><strong>laudentur.</strong></span> <span class='ocrx_word' id='word_1_116' title='bbox 1071 1955 1141 2034; x_wconf 87' lang='lat' dir='ltr'><strong>(De</strong></span> <span class='ocrx_word' id='word_1_117' title='bbox 1172 1967 1257 2020; x_wconf 84' lang='lat' dir='ltr'><strong>orat</strong></span> 
     </span>
    </p>
   </div>
   <div class='ocr_carea' id='block_1_3' title="bbox 251 2065 811 2264">
    <p class='ocr_par' dir='ltr' id='par_1_3' title="bbox 251 2065 811 2264">
     <span class='ocr_line' id='line_1_16' title="bbox 251 2065 470 2151; baseline 0.005 -24"><span class='ocrx_word' id='word_1_118' title='bbox 251 2065 275 2127; x_wconf 88' lang='lat' dir='ltr'><strong>l.</strong></span> <span class='ocrx_word' id='word_1_119' title='bbox 292 2067 347 2128; x_wconf 89' lang='lat'><em>111.</em></span> <span class='ocrx_word' id='word_1_120' title='bbox 371 2072 470 2151; x_wconf 66' lang='lat' dir='ltr'><strong>up.)</strong></span> 
     </span>
     <span class='ocr_line' id='line_1_17' title="bbox 692 2186 811 2264; baseline -0.025 -11"><span class='ocrx_word' id='word_1_121' title='bbox 692 2186 715 2264; x_wconf 78' lang='lat' dir='ltr'><strong>S·</strong></span> <span class='ocrx_word' id='word_1_122' title='bbox 759 2189 811 2252; x_wconf 82' lang='lat'><strong>13.</strong></span> 
     </span>
    </p>
   </div>
   <div class='ocr_carea' id='block_1_4' title="bbox 142 2301 1257 2514">
    <p class='ocr_par' dir='ltr' id='par_1_4' title="bbox 142 2301 1257 2514">
     <span class='ocr_line' id='line_1_18' title="bbox 142 2301 1257 2401; baseline 0.001 -23"><span class='ocrx_word' id='word_1_123' title='bbox 142 2380 144 2384; x_wconf 78' lang='grc'>,</span> <span class='ocrx_word' id='word_1_124' title='bbox 254 2327 456 2394; x_wconf 83' lang='lat' dir='ltr'><strong>Quintilianus.</strong></span> <span class='ocrx_word' id='word_1_125' title='bbox 494 2328 565 2399; x_wconf 85' lang='lat' dir='ltr'><strong>(Hic</strong></span> <span class='ocrx_word' id='word_1_126' title='bbox 590 2345 703 2401; x_wconf 88' lang='lat' dir='ltr'><strong>quoque</strong></span> <span class='ocrx_word' id='word_1_127' title='bbox 727 2327 891 2398; x_wconf 88' lang='lat' dir='ltr'><strong>paucissima</strong></span> <span class='ocrx_word' id='word_1_128' title='bbox 915 2301 1084 2393; x_wconf 68' lang='lat' dir='ltr'><strong>tantumde</strong></span> <span class='ocrx_word' id='word_1_129' title='bbox 1109 2333 1171 2389; x_wconf 23' lang='lat' dir='ltr'><strong>arte,</strong></span> <span class='ocrx_word' id='word_1_130' title='bbox 1196 2326 1257 2379; x_wconf 90' lang='lat' dir='ltr'><strong>uni·</strong></span> 
     </span>
     <span class='ocr_line' id='line_1_19' title="bbox 398 2427 1063 2514; baseline -0.006 -28"><span class='ocrx_word' id='word_1_131' title='bbox 398 2508 401 2514; x_wconf 26' lang='grc' dir='ltr'>Ι</span> <span class='ocrx_word' id='word_1_132' title='bbox 440 2449 535 2496; x_wconf 82' lang='lat' dir='ltr'><strong>versa,</strong></span> <span class='ocrx_word' id='word_1_133' title='bbox 564 2448 652 2504; x_wconf 82' lang='lat' dir='ltr'><strong>eaque</strong></span> <span class='ocrx_word' id='word_1_134' title='bbox 670 2430 797 2487; x_wconf 76' lang='lat' dir='ltr'><strong>volutis</strong></span> <span class='ocrx_word' id='word_1_135' title='bbox 815 2428 935 2508; x_wconf 68' lang='grc' dir='ltr'><strong><em>παρόδῳ</em></strong></span> <span class='ocrx_word' id='word_1_136' title='bbox 954 2427 1063 2499; x_wconf 86' lang='lat' dir='ltr'><strong>docet.)</strong></span> 
     </span>
    </p>
   </div>
   <div class='ocr_carea' id='block_1_5' title="bbox 233 2589 1301 3893">
    <p class='ocr_par' dir='ltr' id='par_1_5' title="bbox 233 2589 1301 3893">
     <span class='ocr_line' id='line_1_20' title="bbox 314 2589 1257 2686; baseline -0.003 -18"><span class='ocrx_word' id='word_1_137' title='bbox 314 2589 401 2668; x_wconf 80' lang='lat' dir='ltr'><strong>Illud</strong></span> <span class='ocrx_word' id='word_1_138' title='bbox 422 2608 596 2671; x_wconf 85' lang='lat' dir='ltr'><strong>admonere</strong></span> <span class='ocrx_word' id='word_1_139' title='bbox 619 2607 698 2670; x_wconf 84' lang='lat' dir='ltr'><strong>satis</strong></span> <span class='ocrx_word' id='word_1_140' title='bbox 725 2615 773 2668; x_wconf 90' lang='lat' dir='ltr'><strong>est</strong></span> <span class='ocrx_word' id='word_1_141' title='bbox 786 2653 795 2684; x_wconf 90' lang='lat'><strong>,</strong></span> <span class='ocrx_word' id='word_1_142' title='bbox 810 2654 815 2661; x_wconf 45' lang='lat'><em>1</em></span> <span class='ocrx_word' id='word_1_143' title='bbox 828 2604 958 2682; x_wconf 88' lang='lat' dir='ltr'><strong>omnia,</strong></span> <span class='ocrx_word' id='word_1_144' title='bbox 992 2600 1077 2686; x_wconf 77' lang='lat' dir='ltr'><strong>quae</strong></span> <span class='ocrx_word' id='word_1_145' title='bbox 1098 2604 1149 2664; x_wconf 83' lang='lat' dir='ltr'><strong>ars</strong></span> <span class='ocrx_word' id='word_1_146' title='bbox 1175 2626 1257 2666; x_wconf 88' lang='lat' dir='ltr'><strong>con-</strong></span> 
     </span>
     <span class='ocr_line' id='line_1_21' title="bbox 254 2706 1301 2794; baseline -0.002 -18"><span class='ocrx_word' id='word_1_147' title='bbox 254 2717 482 2794; x_wconf 83' lang='lat' dir='ltr'><strong>summaverit,</strong></span> <span class='ocrx_word' id='word_1_148' title='bbox 514 2739 533 2776; x_wconf 89' lang='lat' dir='ltr'><strong>a</strong></span> <span class='ocrx_word' id='word_1_149' title='bbox 554 2715 783 2778; x_wconf 81' lang='lat' dir='ltr'><strong>naturainitia</strong></span> <span class='ocrx_word' id='word_1_150' title='bbox 801 2714 941 2775; x_wconf 70' lang='lat' dir='ltr'><strong>duxisse.</strong></span> <span class='ocrx_word' id='word_1_151' title='bbox 986 2706 1151 2791; x_wconf 60' lang='lat' dir='ltr'><strong>(Instssor.</strong></span> <span class='ocrx_word' id='word_1_152' title='bbox 1176 2710 1256 2774; x_wconf 84' lang='lat' dir='ltr'><strong>l.11.</strong></span> <span class='ocrx_word' id='word_1_153' title='bbox 1299 2718 1301 2725; x_wconf 85' lang='grc'><strong>’</strong></span> 
     </span>
     <span class='ocr_line' id='line_1_22' title="bbox 254 2819 1259 2905; baseline -0.003 -21"><span class='ocrx_word' id='word_1_154' title='bbox 254 2845 284 2884; x_wconf 79' lang='grc' dir='ltr'><strong>ο.</strong></span> <span class='ocrx_word' id='word_1_155' title='bbox 310 2826 376 2905; x_wconf 72' lang='lat'>17.)</span> <span class='ocrx_word' id='word_1_156' title='bbox 398 2858 439 2871; x_wconf 90' lang='lat'>—</span> <span class='ocrx_word' id='word_1_157' title='bbox 461 2859 499 2871; x_wconf 89' lang='lat'>-</span> <span class='ocrx_word' id='word_1_158' title='bbox 521 2858 562 2871; x_wconf 93' lang='lat'><em>-</em></span> <span class='ocrx_word' id='word_1_159' title='bbox 603 2824 693 2886; x_wconf 87' lang='lat' dir='ltr'><strong>Nihil</strong></span> <span class='ocrx_word' id='word_1_160' title='bbox 714 2843 765 2883; x_wconf 86' lang='lat' dir='ltr'><strong>ars</strong></span> <span class='ocrx_word' id='word_1_161' title='bbox 780 2823 850 2884; x_wconf 85' lang='lat' dir='ltr'><strong>sine</strong></span> <span class='ocrx_word' id='word_1_162' title='bbox 865 2821 1000 2885; x_wconf 87' lang='lat' dir='ltr'><strong>materia</strong></span> <span class='ocrx_word' id='word_1_163' title='bbox 1024 2819 1144 2898; x_wconf 83' lang='lat' dir='ltr'><strong>(scilic.</strong></span> <span class='ocrx_word' id='word_1_164' title='bbox 1172 2835 1259 2902; x_wconf 80' lang='lat' dir='ltr'><strong>quae</strong></span> 
     </span>
     <span class='ocr_line' id='line_1_23' title="bbox 253 2928 1260 3016; baseline -0.002 -24"><span class='ocrx_word' id='word_1_165' title='bbox 253 2953 271 2992; x_wconf 81' lang='lat' dir='ltr'><strong>a</strong></span> <span class='ocrx_word' id='word_1_166' title='bbox 291 2939 410 2992; x_wconf 85' lang='lat' dir='ltr'><strong>natura</strong></span> <span class='ocrx_word' id='word_1_167' title='bbox 426 2931 567 3015; x_wconf 85' lang='lat' dir='ltr'><strong>petenda</strong></span> <span class='ocrx_word' id='word_1_168' title='bbox 585 2937 673 3010; x_wconf 88' lang='lat' dir='ltr'><strong>est),</strong></span> <span class='ocrx_word' id='word_1_169' title='bbox 706 2931 860 2994; x_wconf 85' lang='lat' dir='ltr'><strong>materiae</strong></span> <span class='ocrx_word' id='word_1_170' title='bbox 882 2931 979 2992; x_wconf 89' lang='lat' dir='ltr'><strong>etiam</strong></span> <span class='ocrx_word' id='word_1_171' title='bbox 997 2928 1068 2989; x_wconf 89' lang='lat' dir='ltr'><strong>sine</strong></span> <span class='ocrx_word' id='word_1_172' title='bbox 1089 2935 1160 3016; x_wconf 82' lang='lat' dir='ltr'><strong>arte</strong></span> <span class='ocrx_word' id='word_1_173' title='bbox 1182 2950 1260 3010; x_wconf 88' lang='lat' dir='ltr'><strong>pre·</strong></span> 
     </span>
     <span class='ocr_line' id='line_1_24' title="bbox 253 3030 1258 3120; baseline -0.001 -21"><span class='ocrx_word' id='word_1_174' title='bbox 253 3040 336 3102; x_wconf 85' lang='lat' dir='ltr'><strong>tium</strong></span> <span class='ocrx_word' id='word_1_175' title='bbox 353 3050 412 3104; x_wconf 88' lang='lat' dir='ltr'><strong>est.</strong></span> <span class='ocrx_word' id='word_1_176' title='bbox 453 3030 665 3102; x_wconf 53' lang='lat' dir='ltr'><strong>Ars&#39;summa</strong></span> <span class='ocrx_word' id='word_1_177' title='bbox 684 3030 817 3104; x_wconf 83' lang='lat' dir='ltr'><strong>materia</strong></span> <span class='ocrx_word' id='word_1_178' title='bbox 838 3032 961 3120; x_wconf 86' lang='lat' dir='ltr'><strong>optima</strong></span> <span class='ocrx_word' id='word_1_179' title='bbox 980 3035 1105 3096; x_wconf 88' lang='lat' dir='ltr'><strong>melior.</strong></span> <span class='ocrx_word' id='word_1_180' title='bbox 1138 3037 1197 3112; x_wconf 80' lang='lat' dir='ltr'><strong>(L.</strong></span> <span class='ocrx_word' id='word_1_181' title='bbox 1219 3038 1258 3098; x_wconf 89' lang='lat' dir='ltr'><strong>ll.</strong></span> 
     </span>
     <span class='ocr_line' id='line_1_25' title="bbox 233 3143 1259 3232; baseline -0.003 -23"><span class='ocrx_word' id='word_1_182' title='bbox 233 3164 282 3209; x_wconf 78' lang='grc' dir='ltr'><strong>ὀ.</strong></span> <span class='ocrx_word' id='word_1_183' title='bbox 303 3154 368 3232; x_wconf 65' lang='lat' dir='ltr'><strong>ig)</strong></span> <span class='ocrx_word' id='word_1_184' title='bbox 388 3185 426 3198; x_wconf 85' lang='lat'><strong>·-</strong></span> <span class='ocrx_word' id='word_1_185' title='bbox 447 3183 490 3197; x_wconf 88' lang='lat'><strong>—-</strong></span> <span class='ocrx_word' id='word_1_186' title='bbox 531 3151 614 3211; x_wconf 90' lang='lat' dir='ltr'><strong>Cum</strong></span> <span class='ocrx_word' id='word_1_187' title='bbox 632 3150 698 3211; x_wconf 90' lang='lat' dir='ltr'><strong>sint</strong></span> <span class='ocrx_word' id='word_1_188' title='bbox 714 3159 823 3210; x_wconf 89' lang='lat' dir='ltr'><strong>autem</strong></span> <span class='ocrx_word' id='word_1_189' title='bbox 840 3144 959 3205; x_wconf 89' lang='lat' dir='ltr'><strong>artium</strong></span> <span class='ocrx_word' id='word_1_190' title='bbox 975 3145 1002 3220; x_wconf 74' lang='lat' dir='ltr'><strong>*l</strong></span> <span class='ocrx_word' id='word_1_191' title='bbox 1026 3144 1108 3204; x_wconf 87' lang='lat' dir='ltr'><strong>aliae</strong></span> <span class='ocrx_word' id='word_1_192' title='bbox 1128 3143 1259 3225; x_wconf 86' lang='lat' dir='ltr'><strong>positae</strong></span> 
     </span>
     <span class='ocr_line' id='line_1_26' title="bbox 255 3250 1259 3339; baseline -0.001 -24"><span class='ocrx_word' id='word_1_193' title='bbox 255 3257 288 3315; x_wconf 87' lang='lat' dir='ltr'><strong>in</strong></span> <span class='ocrx_word' id='word_1_194' title='bbox 319 3255 547 3339; x_wconf 83' lang='lat' dir='ltr'><strong>inspectione,</strong></span> <span class='ocrx_word' id='word_1_195' title='bbox 589 3258 623 3319; x_wconf 90' lang='lat' dir='ltr'><strong>id</strong></span> <span class='ocrx_word' id='word_1_196' title='bbox 656 3250 714 3319; x_wconf 83' lang='lat' dir='ltr'><strong>est¹</strong></span> <span class='ocrx_word' id='word_1_197' title='bbox 738 3251 927 3336; x_wconf 80' lang='lat' dir='ltr'><strong>cognitione</strong></span> <span class='ocrx_word' id='word_1_198' title='bbox 960 3258 992 3312; x_wconf 90' lang='lat' dir='ltr'><strong>et</strong></span> <span class='ocrx_word' id='word_1_199' title='bbox 1026 3250 1259 3314; x_wconf 84' lang='lat' dir='ltr'><strong>aestimatione</strong></span> 
     </span>
     <span class='ocr_line' id='line_1_27' title="bbox 255 3359 1257 3446; baseline -0.005 -21"><span class='ocrx_word' id='word_1_200' title='bbox 255 3386 386 3439; x_wconf 80' lang='lat' dir='ltr'><strong>rerum,</strong></span> <span class='ocrx_word' id='word_1_201' title='bbox 408 3365 516 3446; x_wconf 87' lang='lat' dir='ltr'><strong>qualis</strong></span> <span class='ocrx_word' id='word_1_202' title='bbox 539 3376 589 3428; x_wconf 87' lang='lat' dir='ltr'><strong>est</strong></span> <span class='ocrx_word' id='word_1_203' title='bbox 607 3363 802 3446; x_wconf 81' lang='lat' dir='ltr'><strong>astrologia,</strong></span> <span class='ocrx_word' id='word_1_204' title='bbox 826 3361 953 3421; x_wconf 89' lang='lat' dir='ltr'><strong>nullum</strong></span> <span class='ocrx_word' id='word_1_205' title='bbox 976 3359 1105 3442; x_wconf 85' lang='lat' dir='ltr'><strong>exigens</strong></span> <span class='ocrx_word' id='word_1_206' title='bbox 1129 3364 1257 3439; x_wconf 69' lang='lat' dir='ltr'><strong>actum,</strong></span> 
     </span>
     <span class='ocr_line' id='line_1_28' title="bbox 257 3463 1271 3558; baseline -0.002 -25"><span class='ocrx_word' id='word_1_207' title='bbox 257 3473 312 3534; x_wconf 83' lang='lat' dir='ltr'><strong>sed</strong></span> <span class='ocrx_word' id='word_1_208' title='bbox 338 3474 409 3557; x_wconf 91' lang='lat' dir='ltr'><strong>ipso</strong></span> <span class='ocrx_word' id='word_1_209' title='bbox 433 3473 502 3552; x_wconf 90' lang='lat' dir='ltr'><strong>rei,</strong></span> <span class='ocrx_word' id='word_1_210' title='bbox 537 3472 630 3558; x_wconf 83' lang='lat' dir='ltr'><strong>cujus</strong></span> <span class='ocrx_word' id='word_1_211' title='bbox 655 3471 801 3536; x_wconf 89' lang='lat' dir='ltr'><strong>studium</strong></span> <span class='ocrx_word' id='word_1_212' title='bbox 824 3468 945 3546; x_wconf 85' lang='lat' dir='ltr'><strong>habet,</strong></span> <span class='ocrx_word' id='word_1_213' title='bbox 978 3468 1151 3530; x_wconf 90' lang='lat' dir='ltr'><strong>intellectu</strong></span> <span class='ocrx_word' id='word_1_214' title='bbox 1173 3463 1271 3531; x_wconf 41' lang='lat' dir='ltr'><strong>oon-¹</strong></span> 
     </span>
     <span class='ocr_line' id='line_1_29' title="bbox 264 3571 628 3654; baseline -0.003 -5"><span class='ocrx_word' id='word_1_215' title='bbox 264 3571 628 3654; x_wconf 69' lang='grc'>...........;.......’</span> 
     </span>
     <span class='ocr_line' id='line_1_30' title="bbox 290 3723 1258 3799; baseline -0.008 -16"><span class='ocrx_word' id='word_1_216' title='bbox 290 3725 316 3799; x_wconf 81' lang='lat'><strong>*)</strong></span> <span class='ocrx_word' id='word_1_217' title='bbox 338 3728 506 3786; x_wconf 79' lang='lat' dir='ltr'><strong>Manendum</strong></span> <span class='ocrx_word' id='word_1_218' title='bbox 526 3739 584 3794; x_wconf 84' lang='lat' dir='ltr'><strong>cat,</strong></span> <span class='ocrx_word' id='word_1_219' title='bbox 618 3729 763 3791; x_wconf 85' lang='lat' dir='ltr'><strong>Nostrum,</strong></span> <span class='ocrx_word' id='word_1_220' title='bbox 794 3736 826 3780; x_wconf 86' lang='lat' dir='ltr'><strong>ut</strong></span> <span class='ocrx_word' id='word_1_221' title='bbox 843 3725 899 3779; x_wconf 83' lang='lat' dir='ltr'><strong>fere</strong></span> <span class='ocrx_word' id='word_1_222' title='bbox 919 3738 1011 3778; x_wconf 85' lang='lat' dir='ltr'><strong>omnes</strong></span> <span class='ocrx_word' id='word_1_223' title='bbox 1029 3723 1171 3797; x_wconf 86' lang='lat' dir='ltr'><strong>scriptores</strong></span> <span class='ocrx_word' id='word_1_224' title='bbox 1190 3723 1258 3777; x_wconf 86' lang='lat' dir='ltr'><strong>lati·</strong></span> 
     </span>
     <span class='ocr_line' id='line_1_31' title="bbox 343 3818 1258 3893; baseline -0.004 -17"><span class='ocrx_word' id='word_1_225' title='bbox 343 3841 409 3890; x_wconf 85' lang='lat' dir='ltr'><strong>nos,</strong></span> <span class='ocrx_word' id='word_1_226' title='bbox 435 3829 498 3882; x_wconf 81' lang='lat' dir='ltr'><strong>artis</strong></span> <span class='ocrx_word' id='word_1_227' title='bbox 523 3824 689 3881; x_wconf 82' lang='lat' dir='ltr'><strong>vocabulum</strong></span> <span class='ocrx_word' id='word_1_228' title='bbox 715 3841 795 3876; x_wconf 88' lang='lat' dir='ltr'><strong>sensu</strong></span> <span class='ocrx_word' id='word_1_229' title='bbox 819 3821 910 3875; x_wconf 87' lang='lat' dir='ltr'><strong>latiori</strong></span> <span class='ocrx_word' id='word_1_230' title='bbox 935 3838 1080 3893; x_wconf 83' lang='lat' dir='ltr'><strong>usurpare,</strong></span> <span class='ocrx_word' id='word_1_231' title='bbox 1106 3835 1162 3890; x_wconf 86' lang='lat' dir='ltr'><strong>quo</strong></span> <span class='ocrx_word' id='word_1_232' title='bbox 1180 3818 1258 3872; x_wconf 84' lang='lat' dir='ltr'><strong>idern</strong></span> 
     </span>
    </p>
   </div>
   <div class='ocr_carea' id='block_1_6' title="bbox 246 3913 1269 4100">
    <p class='ocr_par' dir='ltr' id='par_1_6' title="bbox 246 3913 1269 4100">
     <span class='ocr_line' id='line_1_32' title="bbox 246 3913 1257 3992; baseline -0.002 -21"><span class='ocrx_word' id='word_1_233' title='bbox 246 3956 251 3967; x_wconf 88' lang='lat'><em>.</em></span> <span class='ocrx_word' id='word_1_234' title='bbox 345 3936 376 3973; x_wconf 80' lang='lat' dir='ltr'><strong>ac</strong></span> <span class='ocrx_word' id='word_1_235' title='bbox 401 3921 524 3974; x_wconf 81' lang='lat' dir='ltr'><strong>doctrina</strong></span> <span class='ocrx_word' id='word_1_236' title='bbox 549 3920 760 3992; x_wconf 87' lang='lat' dir='ltr'><strong>aut&#39;disciplina</strong></span> <span class='ocrx_word' id='word_1_237' title='bbox 779 3918 928 3988; x_wconf 83' lang='lat' dir='ltr'><strong>significat;</strong></span> <span class='ocrx_word' id='word_1_238' title='bbox 954 3917 1030 3990; x_wconf 89' lang='lat' dir='ltr'><strong>quod</strong></span> <span class='ocrx_word' id='word_1_239' title='bbox 1049 3924 1077 3968; x_wconf 85' lang='lat' dir='ltr'><strong>et</strong></span> <span class='ocrx_word' id='word_1_240' title='bbox 1095 3913 1209 3968; x_wconf 84' lang='lat' dir='ltr'><strong>Graecis</strong></span> <span class='ocrx_word' id='word_1_241' title='bbox 1227 3916 1257 3969; x_wconf 86' lang='lat' dir='ltr'><strong>in</strong></span> 
     </span>
     <span class='ocr_line' id='line_1_33' title="bbox 342 4007 1269 4100; baseline -0.009 -28"><span class='ocrx_word' id='word_1_242' title='bbox 342 4016 456 4072; x_wconf 76' lang='lat' dir='ltr'><strong>vocibus</strong></span> <span class='ocrx_word' id='word_1_243' title='bbox 474 4018 529 4071; x_wconf 80' lang='lat' dir='ltr'><strong>suis</strong></span> <span class='ocrx_word' id='word_1_244' title='bbox 546 4022 637 4091; x_wconf 71' lang='grc' dir='ltr'><strong><em>τέχνη</em></strong></span> <span class='ocrx_word' id='word_1_245' title='bbox 655 4025 685 4073; x_wconf 75' lang='lat' dir='ltr'><strong>st</strong></span> <span class='ocrx_word' id='word_1_246' title='bbox 702 4015 844 4090; x_wconf 68' lang='grc' dir='ltr'><strong>ἐπιστήμη</strong></span> <span class='ocrx_word' id='word_1_247' title='bbox 861 4008 993 4070; x_wconf 75' lang='lat' dir='ltr'><strong>usitatum</strong></span> <span class='ocrx_word' id='word_1_248' title='bbox 1011 4029 1086 4075; x_wconf 84' lang='lat' dir='ltr'><strong>csse,</strong></span> <span class='ocrx_word' id='word_1_249' title='bbox 1113 4017 1231 4100; x_wconf 81' lang='lat' dir='ltr'><strong>constat.</strong></span> <span class='ocrx_word' id='word_1_250' title='bbox 1254 4007 1269 4032; x_wconf 76' lang='grc'><strong><em>’</em></strong></span> 
     </span>
    </p>
   </div>
   <div class='ocr_carea' id='block_1_7' title="bbox 0 0 1317 4800">
    <p class='ocr_par' dir='ltr' id='par_1_7' title="bbox 0 0 1317 4800">
     <span class='ocr_line' id='line_1_34' title="bbox 0 0 1317 4800; baseline 0 0"><span class='ocrx_word' id='word_1_251' title='bbox 0 0 1317 4800; x_wconf 95' lang='lat' dir='ltr'><strong> </strong></span> 
     </span>
    </p>
   </div>
  </div>
 </body>
</html>
