2610 4800
543 500 600 581 ¹5

126 704 221 771 Ἐπεὶ
236 703 273 768 δέ
285 702 409 783 πέντε,
440 703 480 779 ὡς
499 703 544 769 οἷν
560 702 650 767 εἴποι
664 721 736 779 τις,
762 701 867 785 πηγαί
878 702 969 778 τινές
984 702 1073 771 είσιε

60 815 99 873 αἱ
123 798 183 888 τῆς
207 811 390 897 όφηγορίας
410 810 659 895 μονιμώτατοι·
687 811 821 894 πρῶτον
840 811 901 895 μὲν
919 812 976 874 καί
995 811 1073 897 κρά·

58 943 185 985 τιστον
201 918 245 984 τά
262 919 339 1003 περὶ
360 917 423 994 τάς
440 920 572 994 νοήσεις
590 917 839 1002 άδρεπήβολον,
861 919 901 993 ὥς
916 918 979 1002 κάν
997 928 1073 995 τοῖς

59 1027 136 1109 περὶ
149 1028 370 1108 Ξενοφῶντος
388 1024 603 1113 ὡρισάμεθα·
621 1025 777 1112 δεύτερον
793 1025 840 1103 δὲ,
861 1025 905 1088 τά
920 1024 1073 1109 σφοδρόν

61 1138 119 1198 καὶ
152 1131 439 1200 ένθσυσιαστικόν
459 1132 584 1209 πάθος.
624 1131 714 1196 Ἀλλ’
740 1134 777 1194 αί
804 1132 863 1218 μέν
883 1132 943 1196 δύο
966 1133 1072 1195 αὗται

61 1250 126 1308 τοῦ
148 1243 252 1324 ὕψους
278 1241 371 1305 κατά
396 1239 442 1304 τδ
467 1242 571 1307 πλέον
593 1241 782 1325 αὖθιγενείς
802 1238 1007 1317 συστάσεις·
1036 1237 1075 1301 αλ

63 1351 182 1414 λοιπαί
201 1349 230 1410 δ’
240 1342 304 1426 ήδη
321 1349 380 1413 καί
400 1348 461 1412 διά
477 1349 616 1433 τέχνής,
644 1348 664 1424 ή
687 1351 726 1412 τί
751 1348 836 1412 ποιά
860 1356 928 1413 τῶν
946 1348 1077 1435 σχήμά·
1165 1400 1169 1407 .

61 1481 129 1521 των
148 1456 292 1536 πλοίοις,
325 1455 451 1538 (δισσά
468 1457 505 1519 δι’
519 1481 585 1520 που
601 1463 740 1536 ταῦτα,
767 1455 815 1519 τά
833 1457 892 1541 μίν
910 1460 1074 1539 νοήοευς,

59 1568 192 1651 θάτερα
220 1565 256 1629 δὲ
277 1565 414 1644 λέξεως)
448 1563 504 1626 ἐπὶ
527 1563 563 1627 δὲ
588 1565 724 1638 τοίτοις
748 1566 767 1639 ή
787 1576 928 1647 γενναῖα
946 1570 1074 1650 φράοις

60 1675 115 1752 (ής
134 1675 211 1759 μέρη
227 1671 334 1735 πάλιν
352 1670 531 1754 ὀνομάτων
546 1691 586 1732 τε
606 1670 721 1752 ἐκλογή
741 1672 799 1731 καὶ
819 1673 837 1744 ή
855 1677 997 1756 τροπικὴ
1014 1673 1074 1735 καὶ

58 1783 266 1862 πεποιήμενη
288 1777 417 1855 λέξις)
446 1778 582 1860 πέμπτη
610 1775 645 1839 δὲ
672 1777 830 1859 μεγέθους
860 1779 979 1854 αίτία,
1016 1780 1075 1842 καὶ
1103 1770 1110 1781 ’

66 1887 294 1969 συγκλείουοα
315 1883 363 1948 τά
386 1884 453 1969 πρά
475 1886 593 1957 έοιυτής
618 1884 778 1962 ἅπαντα,
808 1888 825 1959 ή
850 1887 885 1949 έν
908 1887 1075 1971 ἀξιώματι

66 1994 125 2055 καὶ
151 1990 284 2077 διάρσει
310 1991 480 2068 σύνθεσις.
524 1991 614 2089 οΦέρε
642 1992 703 2068 δή,
738 1991 786 2054 τά
810 1993 1075 2078 ἐμπεριεχόμενα

64 2101 143 2162 καθ’
170 2098 319 2173 ἐκαοτήν
353 2099 447 2164 ἰδέαν
477 2099 759 2183 ἐπισκεψόμεθα,
797 2106 967 2164 τοσοῦτον
999 2125 1076 2186 προ·

64 2206 236 2285 ειπόντες,
257 2207 313 2270 ὅτι
329 2210 396 2272 τόν
411 2206 512 2272 πέντε
529 2207 649 2291 μυρίαν
665 2208 684 2268 ὁ
701 2208 876 2285 Καικίλιος
892 2207 927 2272 ἓν
941 2232 978 2272 τι
991 2230 1075 2295 παρ·

64 2317 199 2392 έλιπεν,
226 2318 267 2391 ὡς
293 2318 350 2379 καί
372 2315 416 2378 τό
438 2315 551 2389 πάθος
577 2314 704 2398 ἀμέλει.
744 2315 834 2378 Ἀλλ’
851 2317 881 2378 εί
899 2316 959 2401 μέν
979 2318 1019 2393 ὡς
1039 2315 1076 2382 έν

60 2448 99 2486 τι
123 2423 222 2486 ταῦτ’
246 2424 366 2508 άμφο,
395 2424 438 2487 τό
460 2445 499 2486 τε
523 2423 607 2504 ὕψος
630 2422 688 2484 καί
705 2421 750 2484 τό
769 2421 985 2499 παθητικόν,
1017 2425 1076 2488 καλ

62 2533 176 2608 ἔδοξεν
195 2531 415 2615 αὐτῷπάντῃ
434 2530 662 2614 συνυπάρχειν
684 2552 723 2592 τε
742 2531 900 2605 ἀλλήλοις
922 2533 980 2591 καὶ
995 2555 1076 2615 ουμ·

60 2639 272 2723 πεφυκέναι,
304 2638 549 2724 διαμαρτάνει·
588 2638 646 2700 καί
679 2637 742 2724 γάρ
773 2638 870 2713 πάθη
898 2639 981 2704 τινά
1010 2639 1076 2701 διε·

66 2752 187 2811 οτῶτα
200 2748 304 2830 ὕψους
317 2749 376 2810 καί
388 2749 538 2813 ταπεινά
555 2749 757 2833 εὑρίσκεται,
779 2748 935 2834 καθάπερ
953 2747 1076 2826 οἶκτοι,

67 2857 190 2933 λύπαι,
212 2854 334 2939 φόβοι·
364 2858 423 2916 καὶ
442 2856 587 2941 ἔμπαλιν
607 2856 720 2921 πολλά
736 2856 800 2937 ἔφη
821 2857 903 2940 δίχα
921 2856 1077 2939 πάθους,

67 2967 109 3040 ὡς
124 2963 205 3051 πρός
224 2964 351 3050 μυρίοις
372 2965 488 3040 ἄλλοις
506 2963 564 3025 καὶ
579 2962 626 3026 τοί
642 2963 719 3048 περὶ
735 2966 814 3039 τοὺς
832 2965 1006 3042 Ἀλωάδας
1023 2970 1075 3048 τερ·

66 3080 189 3158 ποιητῇ
207 3072 552 3157 παρατετολμημένα·

144 3184 281 3246 Ὄσσαν
303 3182 354 3244 ἐπ’
375 3181 543 3265 Οὗλάμπῳ
566 3179 723 3264 μέμασαν
744 3180 865 3258 θεμεν·
896 3176 1006 3263 αὐτάρ
1028 3179 1078 3242 ἔπ’

655 3346 659 3358 ,
716 3287 826 3368 Ὄσσῃ

153 3397 281 3470 Πήλιον
303 3397 559 3482 εἰνοσίφυλλον,
580 3394 624 3462 ἶν’
644 3393 783 3483 οὐρανός
805 3394 954 3479 ἀμβατός
977 3392 1041 3473 είς·

70 3506 129 3567 καὶ
149 3502 193 3566 τό
214 3505 349 3580 τούτοις
372 3507 424 3567 ἔτι
446 3507 558 3587 μεῖζον
580 3503 839 3593 ἐπιφερόμενον,

154 3615 225 3676 Καὶ
244 3615 283 3677 νύ
304 3635 361 3676 κεν
384 3614 614 3689 ἐξετέλεσσαν.

69 3755 114 3773 ·-
137 3759 176 3768 -
197 3758 240 3769 -
279 3723 321 3786 Εί
340 3724 370 3783 δ’
385 3721 428 3784 αὖ
446 3722 552 3787 πάλιν
571 3723 604 3798 ἐξ
624 3720 703 3784 ὅλου
723 3720 764 3805 μή
787 3723 941 3805 ἐνόμισεν
963 3721 1079 3785 δΚαι·
1164 3716 1167 3727 ’

70 3830 179 3905 κίλιος
203 3828 247 3892 τό
270 3831 417 3914 ἐμπαθές
440 3829 488 3893 τοί
511 3830 576 3910 άψη
601 3830 685 3894 ποτέ
709 3831 904 3905 συντελεῖν,
938 3829 994 3890 καί
1020 3827 1079 3889 διά

70 3938 166 4000 τοῦτ’
192 3940 256 4020 οὐχ
282 3939 431 4021 ἡγήσοιτο
457 3919 581 4020 μνήμης
606 3936 720 4013 άξιον,
751 3938 841 3999 πάνυ
860 3935 1079 4011 διήπάτηται.

71 4047 213 4130 Θαρῤῶν
233 4044 296 4131 γάρ
314 4045 543 4130 ἀφοριοαίμην
564 4045 606 4109 άν
617 4089 627 4119 ,
657 4046 696 4118 ὡς
719 4046 815 4110 οὐδὲν
833 4046 956 4122 οὕτως,
979 4046 1019 4117 ὡς
1036 4042 1080 4104 τό

70 4165 227 4239 γενναῖον
248 4155 380 4231 πάθος,
401 4156 488 4220 ἔνθα
501 4155 584 4240 χρὴ,
606 4153 830 4240 μεγαλήγορόν
848 4154 945 4229 ἐστι,
976 4153 1079 4234 ι’ίςπερ
