2610 4800
610 411 696 489 tut

147 610 374 697 junctionibus
400 606 555 673 abundat.
608 609 696 671 Illud
722 607 912 683 ἀσύνδετον
920 650 938 685 ,,
963 607 1031 711 lsoo
1057 609 1152 707 soloe

148 720 314 783 σύνθετον
337 717 469 781 dicitnr.
511 719 582 780 Hoc
607 729 658 782 est
679 717 733 781 vel
761 715 877 780 iisdem
904 715 1038 801 saepius
1064 738 1152 802 repo·

51 890 60 913 f
148 828 241 906 titis,
272 838 326 890 ut:
984 861 1008 897 u,
1028 864 1057 899 q.

465 991 495 1044 Τ
490 1003 633 1064 ectumque
640 1031 651 1055 ,
670 964 833 1066 laremque,

165 1099 324 1167 Armaque,
342 1093 575 1167 Amyclaeumque
589 1113 705 1158 canem,
727 1097 908 1166 Cressamque
923 1090 1088 1165 pharetram
1101 1090 1137 1160 Ἰ.

148 1248 409 1332 Sed‘utrnmque
430 1247 646 1323 coacervatio.
669 1281 709 1296 -
753 1247 936 1322 Gradotio,
968 1268 1056 1332 qnae
1076 1244 1153 1309 diei·

119 1435 124 1447 .
148 1344 205 1418 tur
223 1355 399 1444 “mimir
429 1355 625 1438 apertiorem
645 1356 743 1418 hahet
764 1367 889 1435 artem,
924 1367 959 1419 et
978 1355 1083 1439 magis
1099 1353 1153 1417 atl-

147 1466 323 1537 fectotom;
358 1463 497 1547 ideoque
516 1485 586 1526 esse
603 1463 709 1525 rarior
727 1463 833 1526 debet.
875 1465 935 1526 Est
952 1475 1063 1526 antem
1087 1463 1152 1548 ipsu

149 1593 282 1655 quoque
304 1569 517 1654 adjectionis3
549 1571 669 1655 repetit
689 1571 797 1650 enim,
830 1593 914 1654 quae
942 1570 1031 1634 dicta
1056 1581 1151 1649 sunt,

148 1689 182 1743 et
207 1679 397 1785 qriusquem
419 1679 459 1769 nti
479 1679 569 1740 aliud
589 1678 788 1758 descendat,
817 1678 858 1751 in
885 1664 1051 1762 prioribus
1074 1678 1153 1743 resi·

149 1788 216 1851 stit.
257 1785 336 1870 Ejus
361 1788 545 1870 exemplum
560 1809 606 1858 ex
626 1789 752 1849 Graeco
775 1787 948 1849 notissimo
974 1790 1152 1850 transferu-

147 1907 219 1961 tur:
248 1885 312 1959 Nec
328 1898 404 1957 haec
420 1895 496 1958 dixi
512 1895 653 1981 quidem,
675 1893 733 1956 sed
746 1916 803 1958 nee
817 1896 948 1976 scripsi:
969 1917 1026 1959 nec
1040 1896 1154 1984 scripsi

147 2004 298 2092 quidem,
318 2005 377 2065 sed
394 2026 450 2066 nec
470 2007 537 2066 obii
553 2006 757 2086 legationem:
779 2026 835 2067 mee
855 2007 922 2067 abii
936 2005 1081 2093 quidem,
1101 2002 1156 2068 sect

147 2135 206 2176 uec
221 2115 368 2199 persuasi
390 2115 548 2176 Thebanis
570 2114 626 2184 **).
648 2148 690 2160 -
790 2146 793 2153 ·

211 2224 254 2283 At
277 2242 361 2303 quue
380 2242 437 2304 per
451 2243 695 2311 neruucrtoneu
718 2220 802 2280 liunt
819 2220 960 2304 figurae,
982 2223 1154 2286 breuitatis

148 2329 376 2411 novitatisque
392 2330 529 2392 maxime
546 2329 646 2411 gratia
665 2340 840 2413 petuntur:
865 2352 1002 2413 quornm
1019 2352 1086 2391 nna
1108 2339 1156 2393 est

149 2458 207 2512 ea,
243 2458 341 2519 quum
370 2437 452 2499 libro
474 2439 620 2522 proximo
643 2438 676 2499 in
693 2437 812 2521 figuras
835 2459 873 2499 ex
894 2439 1078 2521 συνεκδοχῇ
1106 2438 1159 2501 di·

149 2544 249 2621 stuli,
293 2567 393 2628 quum
433 2547 638 2609 subtractum
669 2547 805 2608 verbum
836 2545 971 2629 aliquod
996 2546 1079 2621 ¹sutis
1119 2566 1158 2609 ex

151 2652 270 2714 ceteris
290 2653 506 2736 intelligitur,
532 2665 569 2716 ut
588 2655 719 2717 Coelius
737 2655 770 2715 in
787 2654 985 2717 Antonium:
1024 2656 1157 2739 Stupere

147 2761 267 2844 gaudio
295 2763 445 2824 Graecus.
496 2763 598 2824 Simul
619 2763 707 2825 enim
729 2750 878 2826 auditur:
917 2763 1028 2844 coepit.
1050 2797 1094 2811 -
1116 2797 1158 2812 -

213 2869 362 2932 Tertium
378 2883 427 2933 est
442 2893 542 2954 genus
556 2846 756 2956 figurarum,⁸
770 2893 854 2955 quae
871 2879 928 2932 out
943 2890 1156 2933 stusntruntnn

149 2977 260 3061 aliqua
274 3000 394 3054 vocure,
409 3000 471 3040 Aur
484 3001 624 3056 numnius,
646 3002 709 3042 tur
722 2956 908 3043 cornilius
922 2987 1057 3040 vertunt
1068 2978 1104 3039 in
1121 3000 1157 3041 se

149 3108 256 3163 aures,
272 3098 305 3150 et
320 3089 445 3149 animos
461 3088 606 3151 excitant
620 3088 691 3166 ***).
713 3088 797 3150 Huic
813 3097 997 3149 nomenest
1012 3109 1157 3167 παρονο-

149 3197 280 3278 μασία,
304 3219 388 3280 quoe
406 3197 528 3260 dicitur
547 3199 773 3259 annomimatio.
790 3231 832 3263 -.-
847 3194 904 3241 -“
931 3195 991 3255 Cui
1012 3191 1156 3256 confinis

148 3313 197 3365 est
211 3303 478 3380 ἀντανάκλασις,
496 3304 641 3390 ejusdem
657 3302 747 3364 verbi
765 3300 929 3390 contrariu
945 3301 1156 3383 significatio.

148 3411 260 3488 Quum
280 3413 472 3498 Proculejus
488 3422 682 3496 quereretur
698 3411 737 3474 de
755 3410 835 3488 filio,
860 3411 949 3492 quod
970 3412 995 3470 is
1015 3420 1158 3474 mortem

148 3538 237 3579 suam
267 3533 467 3604 expectaret,
509 3532 541 3583 et
567 3520 622 3583 ille
655 3520 808 3597 dixisset,
845 3539 877 3580 se
901 3540 978 3580 vero
1005 3540 1070 3580 aon
1093 3540 1158 3584 ex-

144 3639 287 3710 pectare:
315 3632 432 3703 Immo,
450 3629 572 3714 inquit,
595 3651 687 3713 rogo,
702 3641 855 3713 expectes.
884 3627 957 3690 Non
973 3648 1012 3689 ex
1024 3626 1156 3757 eoqlem,

99 3940 102 3947 ,
180 3880 207 3954 ')
232 3883 330 3949 Georg.
352 3885 402 3939 111.
422 3883 480 3953 344.

170 3974 211 4049 **)
234 3978 375 4032 Demosth.
391 3997 439 4049 pro
454 3980 553 4034 Coron.
570 3998 598 4050 p.
613 3981 675 4037 288.
689 3977 732 4031 ed.
749 3976 838 4033 Reisk.

154 4071 208 4145 sss)
231 4073 301 4128 Alli‘
320 4070 398 4146 quod
414 4100 447 4113 -·
466 4101 499 4115 -
518 4075 657 4129 conuertit
675 4102 708 4115 -·
726 4083 756 4128 et
773 4075 888 4130 excitat.
