2610 4800
601 404 686 483 318

147 609 183 674 iu
198 606 559 692 longinquumtempus
578 604 768 681 differendi3
793 616 850 668 aut
864 605 891 669 si
906 602 1025 690 judicii
1040 585 1135 691 poena¹

68 710 70 716 ¹
146 718 270 795 levior,
287 731 392 810 'quam
406 714 486 776 lacti
509 715 844 798 praemiom5aots1
829 684 1014 784 facinoris
1031 715 1128 801 volup·

116 886 119 892 ,
146 837 197 890 tas
217 822 332 907 major,
366 846 464 906 quam
491 823 708 884 damnationis
733 822 835 884 dolor
878 822 935 883 His
961 825 1029 885 fere
1048 824 1128 886 rebus

97 923 102 928 ⁵
147 933 226 997 facti
245 931 387 1016 suspicio
407 931 637 1006 confirmatur,
670 952 745 992 cum
770 942 802 992 ct
827 904 1045 992 volirnta'atis
1038 952 1129 995 rnrto

81 1055 83 1061 ’
144 1060 268 1130 causae
293 1039 503 1127 reperiuntur
528 1049 560 1099 et
584 1038 734 1097 facultas.
777 1039 813 1098 ln
843 1037 1013 1100 voluntate
1037 1048 1133 1101 auten

149 1133 276 1209 utilitas
296 1169 335 1209 ex
355 1146 528 1229 adeptione
547 1142 686 1228 alicujus
707 1145 891 1222 commodi,
923 1145 1135 1230 vitationeque

149 1254 288 1338 alicujus
306 1253 503 1316 incommodi
523 1254 711 1337 quaeritur,
734 1263 771 1313 ut
788 1265 844 1314 aut
859 1274 946 1335 spes,
969 1265 1028 1316 aut
1041 1244 1136 1317 luctus

150 1362 319 1446 impulisse
336 1361 504 1451 videatur,
527 1371 583 1429 ant
599 1360 683 1422 alius
701 1362 891 1442 repentinus
911 1362 1010 1422 animi
1027 1371 1137 1440 motus,

151 1471 209 1555 qpi
237 1470 334 1531 etiam
358 1470 456 1531 citius
481 1469 514 1531 iu
538 1469 705 1546 fraudem,
741 1492 837 1551 quam
860 1461 943 1530 ratio
969 1470 1139 1547 utilitatis,

147 1579 300 1665 impellit.
364 1579 582 1659 Quamobrem
615 1577 681 1639 sint
716 1577 796 1639 haec
833 1577 920 1638 dicta
955 1579 1001 1640 de,
1030 1579 1139 1640 causis.

150 1688 186 1749 C.
204 1688 238 1748 F.
261 1688 390 1761 Teneo,
423 1698 613 1769 etqquaero,
646 1685 702 1768 qui
725 1685 791 1747 sint
812 1686 1038 1763 illicientes,
1063 1706 1140 1770 quos

153 1816 192 1858 ex
215 1794 322 1857 causis
346 1795 428 1856 effici
448 1789 570 1856 dixisti.
613 1795 647 1856 C.
667 1796 700 1853 Ρ.
723 1795 966 1875 Consequentia
988 1794 1142 1876 quaedam

62 1923 66 1928 ’
151 1902 246 1993 signa
265 1901 430 1985 praeteriti
452 1914 484 1969 et
502 1902 594 1985 quasi
614 1903 770 1984 impressa
789 1902 868 1962 facti
887 1902 1040 1985 vestigia3
1067 1925 1143 1987 quae
1180 1976 1182 1985 Ι

153 2012 287 2096 quidem
315 2011 530 2072 velmaxime
555 2010 775 2092 suspicionem
804 2020 954 2085 movent,
991 2021 1029 2073 et
1054 2012 1142 2094 quasi

152 2121 251 2182 tacita
271 2130 348 2180 sunt
371 2119 545 2180 criminum
564 2119 759 2181 testimonia.
803 2119 912 2201 Atque
924 2119 995 2180 laoc
1015 2121 1142 2203 quidem

152 2227 311 2311 graviora,
335 2225 424 2308 quod
438 2247 553 2287 causae
567 2226 784 2286 communiter
794 2202 1142 2289 videnturinsimulare

153 2347 188 2398 et
213 2355 345 2417 arguere
374 2354 487 2394 omnes
512 2354 627 2415 posse,
663 2355 803 2416 quorum
834 2335 930 2395 modo
959 2335 1142 2403 iuteafuerit

153 2441 299 2524 aliquid;
332 2441 411 2503 haec
442 2440 573 2522 proprie
598 2442 764 2524 attingunt
790 2463 845 2505 eos
871 2442 976 2526 ipsos,
1012 2444 1072 2526 q'ui
1098 2464 1143 2505 ar·

153 2560 316 2634 guantur,
339 2558 375 2607 ut
390 2547 508 2623 telum,
530 2559 567 2609 ut
582 2549 772 2631 vestigium,
795 2556 833 2610 ut
848 2560 962 2627 cruor,
984 2562 1023 2614 ut
1036 2551 1144 2635 ‹lepre-

152 2657 296 2720 hessam-1
312 2657 459 2738 aliquid,
492 2656 581 2738 qaod
605 2658 749 2718 ablatum
766 2667 957 2740 ereptumve
979 2659 1145 2734 videatur,

153 2776 192 2828 ut
215 2765 678 2847 responsum-inconstanter,
711 2777 747 2827 ut
762 2766 981 2844 haesitatum,
1014 2779 1052 2830 ut
1069 2768 1146 2829 titu-

152 2873 265 2936 hatum
276 2898 294 2947 ,¹
308 2881 345 2932 ut
361 2893 434 2933 cum
452 2872 562 2955 aliquo
581 2873 668 2933 visus
678 2915 688 2947 ‚
710 2893 749 2934 ex
767 2894 832 2954 quo
851 2873 995 2958 suspicio
1010 2876 1143 2952 oriatur,

154 2993 249 3044 uteo
270 2979 339 3062 ipso
360 2979 392 3040 in
413 2981 487 3041 loco
507 2981 614 3057 visus,
645 2980 678 3040 in
702 3003 767 3062 quo
786 2982 932 3059 facinus,
954 2987 1000 3043 'ut
1024 2961 1146 3065 pallor,¹

154 3100 192 3152 ut
211 3099 352 3164 tremor,
377 3094 422 3150 ut
442 3089 619 3171 scriptum,
648 3101 703 3150 aut
722 3089 948 3172 obsignatum,
972 3102 1029 3152 aaut
1048 3091 1146 3174 depo·

155 3197 254 3259 situm
280 3196 456 3280 quippiam.
486 3232 528 3244 --
548 3231 590 3245 -
634 3198 741 3280 Atque
767 3198 847 3260 haec
870 3198 1002 3280 quidem
1030 3199 1072 3263 de
1098 3219 1145 3258 ar-

143 3305 327 3411 ‚gomeutis
379 3305 435 3366 Sin
469 3314 575 3365 autem
610 3306 671 3366 erit
700 3306 796 3366 etiam
829 3307 960 3368 testium
989 3292 1143 3370 facultas.

153 3414 292 3513 primum
319 3434 419 3496 genus
443 3413 504 3475 erit
532 3413 636 3496 ipsum
664 3413 863 3475 laudandum
885 3414 1144 3500 dicendumque,

154 3540 196 3585 ue
224 3511 425 3604 argumentis
448 3528 616 3581 teneretur
645 3543 739 3598 reue,
775 3522 879 3604 ipsum
909 3543 966 3583 sua
995 3525 1144 3585 cautione

153 3625 290 3706 fecisse,
314 3637 413 3690 testes
435 3629 574 3710 effugere
595 3650 660 3689 non
682 3630 845 3711 potuisse;
881 3630 1004 3695 deinde
1024 3629 1143 3716 singuli

152 3733 336 3798 laudentur.
358 3772 400 3782 --
422 3773 459 3782 -‹
481 3770 523 3783 -
544 3771 585 3783 -

213 3841 321 3923 Atque
349 3843 428 3906 haec
458 3844 679 3906 accusationis
699 3846 766 3906 fere
788 3848 927 3908 urembra
953 3859 1039 3912 sunt.
1059 3850 1143 3911 ‘De-

150 3949 309 4011 fensionis
342 3963 449 4013 autem
474 3945 618 4034 'primum
652 3953 826 4014 infirmatio
858 3977 1048 4033 camaram
1089 3968 1142 4019 aut

151 4079 218 4119 uon
242 4056 363 4135 faisse,
395 4071 449 4121 aot
474 4080 538 4119 non
566 4069 695 4138 tantas,
722 4072 866 4123 autnon
891 4064 951 4126 sibi
973 4066 1055 4144 soli,
1088 4074 1141 4127 eut
