2610 4800
532 548 587 630 lt

232 758 337 810 cairo.
373 754 434 826 (ne
452 763 549 808 orator.
568 754 587 807 t.
600 732 646 813 ⁰11.
668 753 740 831 aaa.
759 750 881 824 rosae)

118 863 224 922 Locus
244 871 277 922 et
296 857 387 941 regio
406 857 501 940 quasi
519 856 652 920 ridiculi
672 857 878 942 turpitudine
896 869 930 921 et
950 856 1056 922 defore

57 968 170 1030 initote
198 966 340 1050 quadam
367 965 565 1028 continetur.
606 967 694 1028 llaec
718 965 805 1028 enirn
828 965 980 1029 ridentur
1004 966 1058 1031 vel

58 1078 128 1138 sola
148 1076 206 1138 vel-
223 1076 382 1154 maxime,
405 1096 489 1158 qnae
509 1083 625 1137 notant
641 1084 673 1137 et
689 1073 861 1159 designaut
878 1074 1060 1158 turpitudi⁶

58 1203 131 1246 nem
156 1184 299 1266 aliquam
320 1205 385 1243 non
404 1182 554 1265 turpiter.
578 1219 618 1232 -
663 1185 833 1261 Quatenus
861 1195 969 1245 autem
992 1183 1060 1247 sint

58 1292 200 1353 ridicula
219 1290 407 1369 tractanda,
431 1302 588 1375 perquam
608 1277 979 1375 diligenter'videndnm
999 1305 1060 1356 est.

58 1402 144 1464 Nam·
164 1414 224 1463 nec
250 1398 389 1484 insignis
412 1400 601 1483 improbitas
625 1409 658 1463 et
680 1400 803 1463 scelere
825 1392 963 1485 juncta,
999 1420 1059 1464 nec

56 1520 171 1571 rursus
199 1509 332 1573 miseria
361 1508 495 1590 insignis
524 1507 641 1590 agitata
665 1507 800 1571 ridetur.
841 1509 1060 1572 Facinorosos

55 1616 177 1702 majore
199 1618 339 1701 quadam
360 1618 416 1693 vi,
445 1638 544 1696 quam
565 1615 697 1675 ridiculi
727 1616 891 1677 vulnerari
918 1616 1058 1692 volunt:

55 1729 193 1789 miseros
214 1725 312 1784 illudi
331 1723 472 1798 nolant,
503 1721 567 1781 nisi
590 1743 625 1783 se
640 1722 724 1782 sorte
740 1720 875 1805 jactant.
918 1725 1063 1786 Parcen-

58 1834 203 1896 cen'tlum
236 1839 285 1892 est
315 1839 424 1892 autem
456 1829 593 1890 maxime
630 1829 757 1891 caritati
789 1829 980 1905 hominum,
1020 1854 1062 1895 ue

59 1951 183 2001 temere
214 1938 248 1997 in
276 1956 329 2000 eos
359 1936 471 2015 dicas,
515 1902 572 2020 qiii
601 1937 792 2020 diliguntur.
832 1941 883 2016 (e.
915 1939 986 2017 58.)
1022 1976 1060 1987 -

58 2049 145 2108 Haec
174 2028 274 2128 igitur
299 2045 483 2107 adhibenda
507 2056 557 2108 est
577 2047 718 2129 primum
736 2046 768 2106 in
787 2044 928 2129 jocando
947 2047 1062 2109 mode·

56 2147 160 2227 ratio'3
185 2152 297 2236 itaque
312 2175 348 2214 ea
363 2153 528 2215 *Facillime
545 2153 724 2227 luduntur,
755 2176 840 2237 quae
858 2176 966 2237 neque
983 2155 1059 2215 odio

56 2281 185 2346 magno,
203 2282 311 2345 neque
324 2261 547 2324 misericordia
563 2262 698 2321 maxima
714 2261 811 2344 dignu
826 2272 912 2324 sunt.
940 2266 1061 2341 Quam*

57 2371 170 2432 obrem
190 2370 340 2433 materies
359 2371 465 2431 omnis
487 2369 701 2431 ridiculorum
730 2379 779 2433 est
802 2370 836 2431 in
858 2372 929 2434 istis
945 2372 1058 2451 vitiis,

58 2493 143 2561 quae
169 2491 248 2541 sunt
274 2474 308 2538 in
335 2477 400 2538 vita
419 2478 589 2539 hominnm
614 2499 722 2561 neque
746 2499 914 2557 carorum,
951 2502 1061 2562 neque

58 2587 345 2663 calamitosorum,
389 2608 496 2668 neque
527 2608 661 2663 eorum,
706 2586 762 2668 qui
790 2589 832 2648 ob
861 2589 989 2649 lacinus
1019 2588 1060 2648 ad
1115 2646 1120 2661 ,

57 2695 256 2777 supplicium
292 2695 438 2777 rapiendi
472 2695 646 2770 videntum
689 2716 793 2776 eaque
824 2696 909 2756 belle
941 2696 1060 2777 agitata

10 2805 16 2820 '
57 2800 216 2863 ridentur.
258 2804 319 2863 Est
338 2803 434 2863 etiam
455 2803 670 2864 deformitatis
690 2786 727 2864 ei
741 2805 886 2887 eorporis
902 2803 1059 2863 vitiorum

57 2910 136 2972 satis
153 2910 238 2972 bella
255 2909 405 2970 materies
423 2910 462 2969 ad
484 2908 669 2993 jocandum.
702 2917 749 2988 (c.
768 2914 839 2991 59.)
862 2948 902 2961 -
921 2948 958 2957 —
977 2947 1017 2959 -

117 3019 191 3078 Duo
212 3025 290 3079 sunt
314 3032 432 3099 genera
452 3017 664 3094 facetiarum,
700 3038 839 3100 quorum
864 3018 1003 3079 alterum
1026 3032 1059 3077 re'

55 3136 238 3205 tractatur,
275 3127 415 3190 alterum
444 3125 542 3187 dicto.
587 3128 649 3198 Re,
682 3122 843 3209 siquando
876 3125 957 3207 quid
986 3137 1060 3187 tau-

57 3254 158 3318 quam
179 3235 287 3316 aliqua
306 3235 422 3296 sabella
445 3213 604 3295 narratur.
636 3242 686 3308 (c.
709 3236 781 3314 59.)
800 3269 843 3279 --
861 3269 901 3278 -
919 3264 962 3280 *-
1000 3234 1066 3293 Est·

57 3331 168 3405 autem
184 3342 263 3404 haec
286 3341 382 3426 liujus
401 3344 528 3425 pencris
552 3341 675 3420 virtus,
702 3351 736 3402 ut
756 3340 798 3401 ita
816 3344 903 3403 facta
923 3341 1060 3403 demon·-

57 3460 160 3528 stres,
184 3463 220 3511 ut
240 3473 346 3512 mores
368 3449 460 3534 ejus,
492 3451 532 3512 de
552 3473 618 3533 quo
640 3459 844 3543 narres‚·ut
863 3470 992 3526 sermo,
1022 3460 1061 3510 at

55 3559 167 3620 vultus
187 3580 299 3621 omnes
322 3559 561 3640 exprimantur,
585 3572 622 3621 ut
644 3556 705 3636 iis,
730 3559 787 3642 qui
806 3558 967 3631 audiunt,
988 3567 1059 3618 tum

55 3667 126 3748 geri
144 3667 199 3726 illa
216 3668 353 3750 fierique
372 3667 553 3728 videantur.
598 3669 634 3728 ln
650 3690 686 3729 re
705 3680 754 3731 est
773 3668 851 3728 item
868 3665 1056 3745 ridlculum,

57 3775 147 3863 quod
174 3797 213 3837 ex
240 3776 381 3858 quadam
418 3776 590 3857 depravata
631 3777 815 3838 imitatione
847 3773 930 3834 sttmi
966 3776 1058 3837 solet.

57 3896 157 3931 -'-·-
182 3912 220 3930 ¹-
264 3886 299 3943 ln
331 3884 417 3944 dicto
440 3896 547 3945 autem
574 3884 751 3945 ridiculum
787 3888 837 3944 est
866 3884 922 3961 id5
968 3885 1058 3966 quod

55 3991 150 4054 verbi*
168 4004 224 4054 aut
249 3994 430 4054 sententiae
455 3993 595 4075 quodam
621 3991 772 4053 acumine
792 4003 960 4055 movetur:
1001 3991 1057 4052 sed

54 4100 148 4161 utin
173 4099 230 4161 illo
251 4102 420 4182 superiore
439 4114 557 4184 genere
583 4101 635 4162 vel
656 4100 853 4163 narrationis
875 4102 926 4164 tel
949 4100 1059 4160 imita-

54 4207 156 4269 tionis
182 4207 313 4268 vitanda
336 4218 385 4271 est
406 4210 579 4271 mimorum
605 4208 831 4292 ethologorum
855 4206 1056 4289 similitndep'

839 4324 858 4378 2
