2610 4800
720 451 756 496 vt

242 623 289 696 ad
308 621 523 694 discentium
543 621 785 721 diligentiam,
820 631 883 693 aut
900 621 1105 694 docentium
1125 632 1238 696 atten-

240 748 377 820 tionem
393 744 617 817 excitandam
634 754 739 842 aptac
752 743 870 817 rideri
886 743 1046 842 possint,
1070 746 1132 818 rix
1148 747 1239 818 dcsi⁴

68 856 72 863 ¹
167 880 172 888 ’
243 867 435 942 deravcris.
487 865 659 939 Ceterum
687 868 886 940 materiam
900 869 951 941 ita
981 867 1159 965 disposui,
1196 880 1239 942 ut

167 1058 174 1069 .
242 993 332 1066 ordo
361 989 480 1088 operis
511 989 605 1061 libro
630 1017 710 1063 meo
736 976 960 1084 vernaculo,
1000 1018 1107 1090 quem
1139 1021 1236 1066 anno

241 1104 484 1216 practer-lapso
515 1112 561 1185 de
587 1108 711 1187 eadem
726 1114 905 1187 ··doct1·ina
933 1114 1079 1214 vulgavi
1099 1114 1147 1215 *),
1184 1144 1237 1188 rc·

242 1239 446 1336 sponderet.
498 1237 702 1337 Utrumque
722 1239 892 1310 nimirum
908 1265 1020 1336 opus,
1045 1241 1239 1337 praecipue

244 1359 447 1435 scholarum
480 1362 562 1434 usui
594 1361 831 1456 destinatum,
874 1362 912 1433 in
941 1364 1116 1435 tradenda
1148 1365 1239 1436 artis

243 1485 424 1559 liter-ariae
448 1486 613 1559 doctrina
639 1484 689 1557 ita
713 1485 885 1586 conjungi
901 1488 1088 1560 commode
1105 1498 1239 1586 potest,

191 1796 193 1803 .
304 1743 331 1820 ')
353 1744 527 1810 Lehrbueh
547 1745 606 1808 der
620 1745 770 1807 Literar·
783 1743 974 1824 senhcui,
998 1746 1078 1808 oder
1096 1745 1242 1809 Theonis

244 1853 313 1915 und
325 1851 521 1914 Gesehiohte
535 1851 593 1912 der
609 1851 756 1913 schonen
770 1852 945 1928 litentur,
968 1855 1027 1915 mit
1041 1853 1243 1915 besonderer

243 1958 564 2042 Berticksichtigung
578 1957 636 2019 der
658 1954 862 2035 deutschen,
891 1981 964 2018 zum
987 1959 1243 2023 Selbststudium

244 2065 316 2148 und
337 2064 598 2128 Gebrauchebei
618 2067 811 2148 Vortrttgen.
855 2064 967 2126 aBde.
999 2066 1125 2143 Mainz,
1153 2069 1242 2146 1827.

184 2204 191 2215 1
244 2172 378 2234 Librum
402 2171 490 2232 hunc
513 2169 578 2257 jam
598 2171 632 2232 in
652 2171 801 2256 pluribus
827 2168 953 2233 scholis
967 2171 1186 2234 instituendae
1205 2174 1242 2234 in

244 2279 307 2340 hac
325 2278 498 2362 disciplina
515 2276 679 2362 juventuti
698 2277 930 2356 commendari,
955 2300 1020 2339 non
1039 2279 1243 2362 sine'magna

246 2385 373 2450 laetitia
389 2386 521 2470 accepi;
545 2386 666 2470 quippe
685 2385 742 2469 qui
763 2385 839 2447 inde
862 2386 1062 2469 intelligam,
1085 2409 1146 2448 nec
1168 2409 1245 2448 con·

248 2492 357 2554 silium
382 2514 510 2569 meum,
539 2493 629 2576 quod
654 2495 688 2554 in
717 2514 755 2556 eo
775 2493 971 2556 elaborando
998 2507 1131 2556 secutus
1151 2516 1243 2571 sum,

249 2601 384 2665 omnino
423 2601 618 2684 improbari,
657 2622 764 2682 neque
802 2622 870 2663 rem
904 2600 1005 2682 ipsam
1035 2597 1243 2684 ejusdemque

249 2707 438 2772 tractandae
458 2708 620 2771 rationem
643 2707 814 2784 omnibus,
846 2706 1052 2790 quiquidem
1079 2707 1119 2769 de
1145 2729 1243 2789 opere

249 2813 320 2899 ipso
339 2813 482 2897 judicare
502 2814 653 2891 ualeant,
688 2812 867 2897 displicere.
912 2817 985 2894 Quo
1004 2813 1104 2896 magis
1124 2814 1241 2889 doleo,

249 2941 289 2984 cx
318 2933 518 2996 erratorum,
554 2942 637 3003 quae
662 2920 707 2982 ibi
740 2921 970 2998 offenduntur,
1003 2920 1095 3002 copia
1122 2922 1236 3004 plura,

248 3004 350 3113 eaque
368 3050 433 3089 non
453 3028 605 3106 minima,
629 3050 646 3088 a
665 3051 715 3091 me
734 3029 873 3092 iudicari
894 3026 965 3088 n'on
977 3028 1142 3110 potuisse,
1166 3031 1242 3112 quia

249 3137 329 3198 mihi
359 3146 537 3222 postremas
575 3138 718 3221 plagulas
758 3138 790 3198 in
822 3129 1019 3218 perficiendo
1050 3135 1242 3198 mendorum

119 3296 127 3314 ,
218 3236 222 3245 ’
249 3243 359 3305 indice
387 3241 584 3325 inspiciendi
601 3253 744 3326 potestas
767 3244 853 3305 facta
875 3230 939 3302 non
958 3250 1014 3303 est.
1059 3247 1130 3322 Qua
1152 3244 1185 3303 in
1206 3265 1241 3303 rc

249 3359 376 3431 gratum
394 3349 472 3409 mihi
488 3349 569 3410 fecit
584 3358 783 3432 anonymus,
805 3350 860 3433 qui
878 3353 912 3411 in
928 3337 1079 3412 Seebodir'
1091 3350 1241 3412 Biblioth.

252 3456 357 3520 critic·
375 3477 450 3518 ann.
470 3457 556 3519 1828.
574 3478 675 3520 mens.
687 3459 779 3518 Mart.
792 3459 868 3520 Nro.
888 3477 933 3539 19.
953 3457 1039 3520 circa
1057 3457 1119 3516 ista
1137 3470 1242 3518 crinita

250 3562 432 3626 rectissime
453 3561 693 3645 conjecturavit'
713 3563 876 3647 simulque
895 3564 1090 3626 amicissime
1106 3565 1242 3624 monuit.

250 3669 447 3732 Praesertim
474 3669 676 3733 emendando
700 3670 780 3733 haec
809 3681 896 3734 sunt.
947 3673 1039 3732 Tom.
1067 3673 1090 3731 1.
1120 3694 1149 3754 p.
1178 3673 1243 3733 152.

252 3798 312 3861 pro
333 3776 476 3841 Philetas
495 3777 584 3840 circa
603 3799 655 3838 an.
672 3777 744 3854 450.
764 3777 786 3839 l.
805 3781 891 3840 circo
910 3801 959 3840 aa.
978 3779 1049 3841 300.
1091 3779 1182 3838 Tom.
1202 3780 1243 3840 Il.

252 3907 284 3969 p.
302 3884 371 3967 716.
396 3906 455 3968 pro
480 3887 600 3948 Serena
627 3885 649 3946 Ι.
676 3887 785 3946 Selino
815 3895 848 3949 et
882 3885 931 3948 iu·
952 3886 1021 3970 ipso
1052 3884 1160 3946 indice
1183 3907 1243 3968 pro

253 3991 459 4056 Aleximenes
479 3992 500 4052 l.
519 3995 732 4058 Alexamenoa
749 4003 811 4056 etc.
854 4059 857 4063 ,
