2610 4800
608 399 692 477 lta
783 398 786 403 ’

310 601 527 670 Quintilianus.
567 601 655 677 (Inat
678 617 717 656 or.
729 601 759 655 ι1.
782 602 850 661 XII·-
867 600 978 673 c.‘ro.)

207 702 321 766 Altera
339 713 390 766 eat
409 688 544 784 divisio,
563 698 705 789 quaein
725 714 792 767 tres
801 717 921 822 partes
941 715 974 768 et
994 705 1069 791 ipsa
1091 706 1149 771 dio·

147 809 253 889 cedit,
277 833 342 894 qua
363 811 508 875 discerni
528 830 623 897 posse
646 812 743 874 etiam
766 811 857 876 reete
879 813 1018 877 dicendi
1038 836 1150 899 genera

147 916 235 983 inter
264 941 299 981 se
327 940 422 1003 posse
450 920 608 983 videntur
627 919 665 999 *).
715 906 864 1003 Namque
891 942 997 983 unum
1023 924 1150 997 subtile,

233 1124 361 1189 dicendi,
390 1125 491 1196 quibus
510 1126 539 1178 in
558 1125 670 1195 singulis
688 1124 800 1198 quidam
820 1124 987 1205 doruerupt3
1016 1108 1150 1203 peraeque

233 1230 327 1273 autem
344 1219 392 1290 (id
412 1221 488 1291 quod
506 1219 652 1290 volumus)
670 1221 799 1292 perpauci
818 1220 848 1272 in
866 1220 1005 1279 omnibus.
1018 1240 1029 1288 J
1042 1224 1112 1277 Nam
1127 1233 1151 1279 et

230 1314 433 1386 grandiloqui,
460 1325 491 1367 ut
510 1316 548 1368 ita
568 1316 657 1367 dicam
675 1316 788 1368 fuerunt
807 1333 871 1368 cum
889 1317 979 1389 ampla
997 1328 1029 1373 et
1045 1328 1150 1374 senten·

230 1412 330 1463 tiorum
354 1411 502 1478 gravitate,
538 1420 566 1464 et
588 1411 920 1479 majestatefverborum
953 1412 1149 1482 uehementer,

230 1505 316 1570 varii,
344 1505 464 1575 copiosi,
493 1522 602 1572 graves3
629 1534 662 1545 -
687 1527 720 1545 —·
748 1513 775 1558 et
798 1514 893 1557 contra
913 1489 1034 1574 tenues,
1061 1510 1148 1572 acuti,

231 1601 323 1654 omnia
346 1601 493 1666 docentes,
521 1610 550 1654 et
568 1600 749 1673 dilucidiora,
776 1619 832 1653 non
850 1602 981 1673 ampliora
1000 1604 1148 1671 facierum,

191 1768 194 1773 .
230 1696 328 1751 subtili
343 1696 463 1773 quadam
478 1704 507 1748 et
522 1712 616 1766 pressa
627 1696 750 1747 oratione
765 1695 861 1749 limati.
879 1723 909 1736 ·-
927 1724 958 1735 -
979 1682 1149 1753 'Eit'auten

229 1793 342 1865 qnidam
364 1792 526 1861 interjectus
544 1792 617 1844 inter
638 1790 689 1843 hoo
709 1792 831 1857 medios,
857 1800 887 1845 et
908 1793 987 1865 quasi
1015 1803 1148 1869 tempera·

234 1895 279 1940 tus
302 1894 356 1945 ete,

176 1980 203 2053 *)
226 1981 317 2039 Verba
335 1980 452 2034 «altero
469 1991 510 2035 est
525 1975 648 2032 divisio»
668 1977 791 2032 adhaec
810 1979 953 2033 referenda
969 1990 1054 2048 eunt,
1082 1998 1147 2055 qnae

229 2076 333 2128 Fabius
364 2075 400 2128 de
429 2091 527 2142 genere
556 2073 668 2126 dicendi
698 2074 809 2136 Attico,
842 2075 948 2127 Asiano
982 2085 1012 2129 et
1044 2074 1146 2149 Rhodio

139 2150 172 2189 '¹
230 2171 328 2224 eodem
352 2169 424 2221 libro
452 2179 481 2223 et
509 2170 599 2241 capite
624 2168 698 2240 priua
724 2167 852 2222 disseruit
861 2207 870 2235 ,
904 2188 1024 2243 quorum
1048 2188 1145 2225 eumue

230 2264 274 2318 his
290 2265 461 2317 continetur:
588 2258 592 2263 ’

283 2360 320 2415 Et
345 2360 460 2432 antiqua
489 2354 602 2430 quidem
629 2354 677 2410 illa
699 2354 804 2413 divisio·
820 2358 901 2412 inter·
919 2358 1043 2414 Asianos
1065 2366 1144 2434 atque

230 2455 338 2508 Atticos
366 2455 436 2521 fuit,
464 2472 552 2527 quum
581 2454 610 2504 hi
631 2454 714 2531 pressi
737 2464 766 2507 et
788 2454 904 2525 integri,
938 2465 1035 2509 contra
1062 2455 1145 2509 inflati

162 2541 179 2591 ,¹
230 2549 273 2601 illi
297 2560 326 2602 et
346 2550 441 2603 inanes
464 2549 647 2616 haberentur3
678 2558 706 2601 et
735 2549 765 2600 in
788 2548 830 2600 his
854 2548 931 2609 nihil,¹
949 2550 1143 2620 superflueret,

230 2643 286 2697 illis
306 2646 440 2713 judicium
457 2646 573 2697 maxime
594 2662 626 2696 ac
644 2645 740 2696 modus
763 2643 878 2696 deesset
915 2644 1000 2714 Quod
1015 2646 1142 2723 qnidam,

230 2758 346 2812 quorum
370 2751 398 2793 et
411 2741 516 2791 Santra
537 2739 744 2810 (grammaticus
759 2736 877 2808 nobilis)
894 2747 951 2804 eat,
978 2738 1033 2793 hoc
1051 2745 1144 2813 putant

231 2837 379 2898 accidisse,
407 2835 483 2906 quod
506 2835 650 2905 paullatim
676 2851 799 2886 sermone
824 2836 931 2888 Graeco
958 2813 996 2886 iu⁴
1012 2830 1143 2906 proximas

228 2930 308 2984 Asiae
337 2923 464 2983 civitates
494 2928 648 2993 influente,
680 2929 804 2980 nondum
825 2929 889 2982 satis
912 2930 992 3000 periti
1012 2928 1144 3003 loquendi

228 3024 387 3077 facundiam
402 3024 607 3092 concupierint5
628 3024 749 3094 ideoque
767 3042 816 3087 ea,
837 3041 909 3094 quac
926 3023 1034 3094 proprie
1050 3022 1144 3093 signari

227 3129 371 3195 poterant,
399 3106 664 3190 circuitu'cepcrint
688 3121 850 3182 enunciare,
877 3136 909 3171 ac
932 3119 1035 3172 deiude
1065 3120 1094 3173 iu
1114 3136 1144 3173 cc

227 3196 432 3286 perseverarint.
468 3214 538 3265 Mihi
554 3222 646 3265 autem
662 3214 790 3265 orationis
811 3214 990 3266 differentiam
1004 3213 1106 3269 secisse
1120 3220 1147 3267 et

228 3308 381 3361 dicentium
408 3317 436 3360 et
457 3309 630 3362 audientium
652 3317 767 3359 naturae
790 3308 933 3370 videntur,
963 3308 1041 3379 quod
1064 3310 1147 3363 Attici

227 3404 316 3456 limati
343 3403 456 3474 quidem
485 3414 514 3456 et
540 3402 660 3455 emuncti
690 3403 759 3455 nihil
782 3404 880 3467 inane,
916 3413 964 3455 aut
986 3404 1147 3459 redundant

227 3497 369 3565 {erebantj
399 3499 495 3549 asiana
516 3516 580 3564 gons
602 3498 732 3549 tumidior
753 3498 858 3568 alioqui
876 3507 961 3569 atque
977 3500 1150 3567 jactantior,-

225 3595 428 3647 vaniorectrarn
437 3593 549 3645 dicendi
564 3591 647 3658 gloria
658 3594 752 3645 rnilata
769 3602 816 3645 cst.
854 3594 978 3671 Tertium
993 3612 1079 3659 mox,
1097 3594 1147 3666 qui
1187 3642 1190 3669 :

226 3686 298 3744 haec
319 3672 498 3751 dividebant,
525 3689 686 3755 adjecerunt
700 3707 787 3759 genus
803 3687 958 3754 lllrodium5
976 3690 1056 3761 quod
1069 3689 1148 3743 velut

226 3785 348 3837 medium
371 3770 535 3853 esse'atque
557 3801 592 3836 cx
616 3792 733 3856 utroque
760 3785 876 3836 mixtum
894 3774 1003 3836 volunt.
1045 3786 1147 3857 Neque

228 3879 300 3930 cuim
312 3881 402 3933 Attice
417 3880 515 3951 pressi,
536 3897 628 3950 neque
643 3881 740 3931 Asiane
755 3890 819 3931 sunt
832 3866 1022 3945 ahuridantet,
1050 3890 1084 3935 ut
1096 3882 1149 3933 ali-

226 3972 294 4043 quid
307 3973 408 4026 habere
423 3975 569 4027 videantur
582 3974 689 4041 gentis,
709 3974 815 4045 aliquid
830 3977 957 4029 auctoris.
995 3976 1148 4029 Aeselrinrs

227 4068 317 4134 cuim,
344 4069 394 4143 qui
409 4068 485 4124 lurnu
500 4069 586 4123 exilio
599 4070 740 4137 delegerat
755 4070 865 4135 locuni,
891 4071 988 4123 intulit
1004 4088 1037 4123 eo
1051 4073 1146 4139 studia
