2610 4800
722 428 806 506 452

252 637 370 690 -tamen
399 637 432 690 et
461 625 579 689 arduos
607 626 754 690 tramites
779 626 953 688 adeuntur.
1004 626 1206 709 Confragosa
1232 626 1264 688 is

260 736 426 817 fastigium
449 734 618 816 dignitatis
641 734 691 795 via
713 745 771 796 est.
816 736 859 796 At
882 734 908 794 si
934 732 1157 795 conscendere
1177 733 1267 798 hune

167 887 169 890 >
196 872 203 912 ,ι
261 844 418 923 uerticem
435 842 527 919 libet,
551 842 610 904 eui.
622 863 655 905 se
670 843 803 907 fortuna
820 842 985 926 submisit:
1009 841 1118 902 omnia
1134 843 1269 924 quidem

262 952 322 1012 suh
341 961 403 1024 te,
435 970 517 1034 quae
529 946 600 1041 ''pro
619 947 849 1011 excelsissimis
876 949 1062 1029 habentur,
1093 949 1266 1032 adspicies,

264 1057 321 1129 red
340 1068 447 1119 tamen
464 1055 576 1137 venies
593 1056 634 1118 ad
655 1078 779 1118 summa
798 1077 856 1141 per
872 1056 1017 1141 planum.
1070 1109 1073 1113 .

461 1188 470 1221 l

705 1298 727 1378 s.
770 1302 822 1367 ro.

598 1430 734 1526 Quintiis·
752 1421 789 1529 (l.
804 1461 836 1513 X.
854 1473 876 1514 e.
894 1456 937 1529 a.)
973 1515 976 1519 ,

762 1540 765 1551 s

248 1572 250 1577 Ι
325 1592 374 1654 Ex
387 1587 532 1655 lectione
546 1591 654 1676 dignis
670 1591 860 1654 auctoribus
875 1604 908 1656 et
923 1593 1096 1654 verborum
1109 1593 1270 1657 sumenda

233 1748 236 1759 .
264 1701 358 1783 eopia
379 1712 429 1764 est
456 1710 490 1762 et
507 1701 647 1781 varietas
668 1699 844 1783 figurarum
866 1710 900 1763 et
922 1702 1142 1784 componendi
1160 1704 1267 1764 ratio:

73 1836 76 1843 ¹
177 1868 180 1875 ,
264 1817 335 1893 tum
356 1806 396 1869 ad
415 1808 599 1891 exemplum
625 1808 785 1868 virtutum
804 1808 950 1869 omnium
974 1796 1066 1870 mens
1087 1809 1266 1892 dirigenda.

258 1906 377 1999 Neque
399 1915 489 1990 ‚enim
517 1916 659 1977 dubitari
680 1927 807 1998 potest,
842 1917 923 1999 quin
950 1917 1029 1979 ortis
1052 1939 1128 2000 pars
1154 1938 1266 2000 magna

265 2005 474 2087 contineatur
495 2026 678 2086 imitatione.
720 2025 803 2085 Nem
820 2033 858 2085 ut
878 2006 1262 2108 invenireprimum'fuit

265 2142 381 2214 estque
398 2132 631 2214 praecipuum,
663 2125 710 2192 sic
729 2151 786 2208 eu,
817 2154 900 2215 quae
920 2133 1003 2217 bene
1023 2132 1160 2226 iuuenta
1178 2145 1258 2212 suut,

264 2239 347 2300 utile
367 2239 469 2321 sequi.
515 2239 624 2320 Atque
646 2239 750 2299 omnis
768 2239 855 2300 vitae
874 2241 956 2301 ratio
978 2240 1196 2319 sic-constat,
1217 2253 1253 2317 ut,

266 2366 350 2427 quae
366 2346 542 2428 ‘probamus
561 2346 594 2405 iu
611 2345 702 2423 aliia,
725 2348 839 2419 facere,
851 2347 914 2429 ipsi
935 2345 1090 2409 velimus.x
1127 2350 1182 2411 Sis
1197 2349 1253 2412 liu·

197 2506 200 2518 ,,
265 2473 375 2518 rarum
399 2452 543 2530 ductus,
562 2463 597 2513 ut
621 2454 788 2516 scribendi
804 2456 861 2516 fiat
876 2476 978 2534 usus,
1009 2457 1102 2540 pueri
1121 2443 1251 2541 sequun-

267 2573 334 2624 tur:
376 2559 425 2623 sie
455 2560 572 2621 musici
609 2566 723 2622 voce-m
756 2561 966 2640 docentium,
1003 2565 1147 2647 pictores
1171 2569 1248 2648 op'era

150 2730 155 2745 ,
200 2673 202 2680 ’
264 2669 436 2753 priorum,
468 2668 585 2730 rustici
611 2665 781 2752 probatam
805 2671 1026 2752 experimento
1048 2670 1246 2734 culturamin
1287 2740 1292 2759 Ι

265 2773 450 2858 exemplum
471 2775 654 2838 intuentur.
697 2777 813 2839 Omnis
832 2777 972 2860 denique
992 2769 1187 2863 disciplinae
1200 2777 1247 2838 ini·
1287 2762 1291 2809 3

266 2887 312 2950 tia
331 2887 373 2955 ad
385 2887 594 2968 propositum
614 2887 932 2973 sibipraescriptum
953 2889 1087 2949 formari
1103 2889 1245 2951 ‘videmus

228 3071 230 3074 Α
264 2994 308 3056 Et
324 2992 459 3057 hercule
474 3015 608 3056 necesse
625 3005 687 3071 est,
706 3005 763 3056 aut
780 2995 899 3058 similes
912 3006 968 3058 aut
982 2995 1159 3059 dissimiles
1171 2992 1246 3056 honis

266 3101 379 3163 simus.
433 3100 579 3163 Similem
613 3123 686 3163 raro
721 3112 838 3163 notura
867 3114 1031 3185 praestat,
1076 3107 1248 3188 frequenter

266 3206 417 3272 imitatio.
458 3206 522 3270 sed
534 3207 597 3271 hoc
614 3209 732 3300 ipsum,
756 3209 845 3292 quod
863 3219 956 3272 tanto
973 3210 1157 3274 faciliorem
1174 3208 1248 3272 nohis

238 3316 243 3331 '
266 3315 426 3389 rationem
441 3314 589 3393 omnium
603 3316 693 3392 facit,
717 3307 815 3399 quam
830 3318 894 3381 fuit
909 3317 962 3395 iis,
987 3319 1044 3402 qui
1060 3319 1156 3398 nihil,
1179 3313 1249 3402 quod

267 3434 506 3507 sequerentur,
537 3423 743 3506 hahuerunt,
777 3425 841 3486 uisi
864 3438 959 3518 caute
988 3438 1021 3490 et
1045 3449 1122 3501 eum
1142 3424 1249 3510 judicio

266 3531 541 3615 apprehenditur,
567 3542 696 3594 nocet..
1056 3508 1060 3517 Ι
1178 3608 1181 3613 ¹

328 3640 414 3701 Ante
431 3639 538 3700 omnia
559 3640 659 3724 igitur
674 3640 814 3704 imitatio
830 3664 887 3725 per
903 3664 937 3706 se
955 3645 1025 3728 ipsa
1042 3617 1249 3716 uon‘sufficit,

266 3745 317 3806 vol
338 3747 412 3830 quia
433 3747 517 3831 pigri
533 3758 582 3811 est
604 3738 748 3833 ingenii,
780 3755 980 3815 contentum·
993 3774 1072 3816 esse·
1086 3753 1127 3815 iis
1142 3738 1159 3831 ,¹
1183 3771 1250 3836 quse

268 3854 483 3917 sint'alraliis
506 3857 650 3918 iuventa.
695 3858 784 3936 Quid
804 3859 1065 3921 enim-futurum
1092 3872 1251 3922 eructem·
1288 3862 1295 3903 '¹'

266 3962 400 4046 poribus
420 3963 507 4040 illis,
531 3986 615 4046 quae
632 3964 702 4027 sine
721 3966 867 4049 exemplo
887 3946 1042 4042 fuerunt,
1070 3969 1098 4028 si
1118 3968 1249 4030 homines

270 4069 351 4131 nihil
375 4069 439 4132 nisi
459 4072 547 4153 qnod
562 4071 627 4156 jam
650 4075 899 4156 cognovissent,
923 4076 1113 4138 iaciendum
1131 4076 1186 4139 sihi
1203 4074 1248 4132 uut
