2610 4800
416 368 606 518 ‘irs

54 638 269 731 grammatici
294 639 477 723 inpectis,
510 640 705 724 eloquentes
730 638 764 701 in
787 641 877 703 omni
899 649 932 704 et
952 663 1070 726 genere

62 763 102 816 et
126 759 219 835 parte
248 770 430 810 causarum.
474 751 581 829 Quum
601 748 689 810 enim
711 747 904 811 indecorum
930 759 998 824 est,
1029 749 1070 811 do

61 857 243 925 stillicidiis
265 880 366 941 quum
388 857 473 941 apud
493 879 595 918 unum
615 854 756 940 judicem
775 857 884 935 dicas,
907 857 1071 939 amplissi-

23 1008 27 1013 -
60 958 129 1031 mis
159 967 266 1030 verbis
295 976 326 1028 et
354 965 438 1028 locis
471 966 520 1026 uti
552 966 805 1041 communibus,
836 966 875 1029 dc
901 965 1070 1050 majestate

58 1074 182 1163 populi
208 1075 347 1137 Romani
374 1074 543 1136 summisse
572 1085 605 1136 et
636 1072 820 1137 subtiliter!
862 1075 924 1137 Hic
951 1097 1069 1158 genere

10 1197 17 1209 “
58 1194 149 1269 toto.
172 1216 211 1231 —·-
253 1183 296 1244 At
317 1204 455 1266 persona
472 1182 528 1241 ulii
552 1192 709 1265 peccaut,
732 1193 788 1244 aut
806 1203 884 1258 sua,
908 1191 964 1242 aut
982 1178 1076 1265 judi-'

12 1278 15 1283 Ι
61 1312 162 1369 eum,
196 1302 253 1353 aut
274 1288 672 1364 etiamadrersariorum5
708 1313 768 1352 nec
789 1311 824 1352 re
845 1289 976 1369 solum,
1012 1290 1070 1352 sed

60 1421 167 1482 saepe
185 1400 292 1461 verbo.
335 1398 405 1460 Etsi
421 1397 491 1460 sine
512 1420 546 1459 rc
562 1399 652 1459 nullu
672 1398 720 1458 vis
740 1398 831 1459 verbi
855 1408 926 1473 est7
959 1407 1069 1459 tamen

59 1507 180 1572 eudem
197 1529 248 1569 res
263 1529 359 1590 saepe
378 1516 434 1566 ant
449 1507 605 1590 probatur
623 1516 678 1564 aut
695 1503 860 1588 rejicitur,
885 1507 950 1565 alio
968 1516 1068 1588 utque

59 1592 141 1677 olio³
165 1615 248 1678 elatu
279 1617 387 1677 verbo.
439 1616 475 1677 ln
513 1614 730 1696 omnibusque
760 1615 857 1675 relius
890 1613 1068 1674 videndum
1174 1688 1179 1699 ι

10 1708 140 1811 ’,μὴ
172 1731 345 1807 quatenus.
387 1723 459 1786 Etsi
489 1722 576 1783 enim
605 1743 682 1783 suus
714 1721 834 1804 cuique
859 1721 973 1783 modus
995 1734 1066 1798 est,

14 1882 30 1897 .,
61 1838 175 1893 umen
195 1831 295 1914 magis
317 1832 452 1892 offendit
471 1831 627 1906 nimium,
646 1818 750 1913 ‘quum
771 1851 894 1911 purum.
938 1831 974 1890 ln
999 1850 1066 1912 quo

62 1936 197 2021 Apelles
219 1940 360 2022 pictores
378 1961 509 2023 quoque
528 1960 583 2001 eos
604 1959 740 2021 peccare
758 1937 898 2014 dicebat,
922 1939 979 2020 qui
1000 1958 1064 1999 non

11 2108 20 2115 ,
60 2045 246 2120 sentirent,
268 2047 677 2129 quidessetsatis.---·
719 2047 1066 2132 Oporterepcrl'ectio·

60 2157 142 2217 item
161 2154 304 2218 declarat
325 2155 441 2230 officii,
476 2176 542 2237 quo
568 2166 600 2217 et
627 2176 756 2237 semper
777 2156 936 2216 utendum
956 2166 1007 2216 est
1033 2163 1065 2217 et

58 2262 216 2326 omnibus
228 2288 238 2337 ς
272 2264 400 2336 decere,
430 2264 523 2345 qnasi
540 2273 650 2347 aptum
674 2285 764 2338 esse,
789 2275 1062 2324 consentancum·

59 2394 131 2457 que
148 2371 286 2455 tempori
302 2381 336 2433 et
350 2393 524 2454 personne:
551 2371 640 2456 quod
660 2393 761 2454 quum
780 2372 811 2433 in
832 2372 925 2432 lactis
944 2372 1066 2454 saepis-

58 2480 164 2557 sime,
187 2490 257 2541 tum
276 2480 308 2542 iu
326 2479 423 2540 dictis
442 2480 547 2556 valet,
572 2481 605 2540 in
623 2478 716 2539 vultu
734 2480 889 2564 denique,
912 2491 945 2542 et
961 2489 1066 2562 gestu,

58 2598 99 2653 et
118 2589 271 2660 incessu;
301 2598 482 2671 contraque
502 2588 580 2651 item
601 2587 768 2650 dedecere.

69 2790 420 2807 m

151 2943 219 2979 sous
243 2925 425 2996 judicabunt3
459 2927 537 2982 nobis
567 2937 659 2982 autem
686 2946 827 3001 personam
855 2928 983 3004 imposuit
1008 2931 1067 3001 ipss

150 3029 251 3074 natura
268 3041 364 3092 magna
383 3041 445 3077 cum
465 3024 630 3077 excellentia
648 3029 869 3097 praestantiaque
888 3024 1067 3078 animantium

151 3102 328 3189 reliquarum.
366 3119 502 3189 Quocirca
521 3131 617 3191 poetae
636 3121 664 3171 in
682 3140 776 3189 magua
796 3124 924 3173 varietate
941 3139 1068 3192 persons·

103 3227 106 3231 ·
152 3229 213 3264 rum
233 3213 315 3266 etiam
335 3215 453 3279 vitiosis,
474 3216 541 3286 quid
561 3218 707 3269 conveniat
725 3225 752 3269 et
771 3217 839 3287 quid
856 3217 970 3279 deceat,
991 3216 1069 3269 vide·

106 3364 109 3368 ,
151 3306 238 3374 bunt3
268 3308 345 3362 uubis
362 3319 454 3362 autem
471 3312 544 3380 (scil.
560 3310 744 3382 philosophis)
760 3330 846 3384 quum
862 3332 876 3363 a
891 3321 988 3363 natura
1003 3328 1069 3362 con-

151 3403 286 3467 stantine,
312 3405 520 3467 moderationis,
546 3408 756 3476 temperantiae,
782 3407 964 3459 verecundiae
980 3415 1068 3476 partes

129 3504 134 3512 '
154 3494 236 3551 datae
249 3499 318 3562 siut,
339 3518 482 3570 quumque
497 3500 591 3552 eadem
607 3511 702 3552 natura
716 3501 830 3564 doceat,
852 3519 906 3552 non
921 3500 1066 3566 negligere,

151 3593 384 3664 quemadmodum
402 3613 450 3647 nos
476 3596 602 3647 adversus
630 3597 751 3648 homines
778 3614 911 3663 geramus:
936 3594 1066 3661 efficitur,

151 3696 185 3740 ut
204 3696 233 3741 et
250 3689 338 3753 illud,
365 3691 440 3760 quod
458 3691 493 3742 ad
511 3708 618 3743 omnem
638 3691 808 3743 honestatem
827 3691 966 3760 pertinen*
985 3688 1069 3742 deco·

152 3782 231 3848 rum',
251 3802 333 3856 quam
349 3784 406 3837 late
423 3785 513 3837 lusum
529 3787 579 3850 sit,
600 3796 743 3858 appareat,
764 3795 793 3840 et
807 3785 878 3854 hoc,
898 3785 974 3858 quod
990 3801 1069 3857 spec·

117 3876 125 3897 ⁶
152 3885 230 3933 tatur
247 3878 279 3933 iu
298 3898 355 3936 uno
375 3882 488 3956 duoque
510 3900 608 3952 genere
629 3882 744 3940 virtutis.
