2610 4800
525 492 583 579 ot

10 746 19 779 ,1
54 705 275 771 tradidissent.
316 686 439 785 Itaque
459 697 614 764 accedam
643 697 678 759 in
706 694 874 783 pteriaque
897 692 1052 760 Ciceroni

20 790 29 803 κ
54 790 154 897 utque
175 812 208 913 ip
233 811 373 905 iis'ero,
406 827 491 891 quae
511 806 695 869 indubitata
710 813 809 883 sunt,
837 802 986 881 brorium
1020 807 1056 867 iu

10 966 16 995 ,-
57 919 252 1005 quibusdam
284 915 418 999 paulum
447 916 587 977 fortasse
617 912 819 975 dissentiam.
852 948 891 961 -
941 916 1058 997 Neque

10 1098 12 1103 ,
56 1030 193 1113 ign-oro,
217 1023 377 1109 quosdam
392 1044 483 1101 esse,
506 1022 564 1105 qui
582 1043 694 1084 euram
711 1043 839 1113 omnem
853 1023 1059 1109 composino·

56 1139 109 1199 nis
134 1120 313 1215 excl'udant
336 1143 434 1215 utque
465 1130 559 1195 iilum
586 1128 755 1191 horridum
783 1152 986 1207 sermenem,
1022 1136 1060 1193 ut

56 1248 143 1307 forte
172 1238 321 1329 fluxerit,
353 1238 450 1302 modo
474 1234 575 1321 arrangia
605 1236 808 1313 naturalem,
841 1238 935 1299 inodo
960 1237 1060 1301 etium

59 1348 162 1432 magis
189 1348 316 1411 virilem
345 1368 418 1437 este
445 1344 659 1408 contendant.
689 1380 729 1395 ··-
789 1346 911 1409 Verum
944 1344 976 1405 id
1008 1354 1060 1409 est

58 1456 197 1519 maxime
221 1452 389 1533 naturale,
431 1438 522 1537 quod
548 1452 617 1513 sieri
642 1463 758 1515 nutum
777 1452 900 1539 optime
925 1452 1058 1537 patitur.

56 1566 188 1629 Fortius
216 1585 296 1625 vero
318 1562 408 1645 quod
427 1561 680 1641 incompositum
702 1572 810 1644 potest
835 1582 928 1639 esse,
962 1584 1061 1645 cluam

56 1675 209 1757 sinotum
234 1680 267 1732 et
292 1671 377 1731 benc
404 1666 624 1728 coitus-atum?
658 1704 697 1713 -·
752 1669 905 1731 Ceterum
936 1679 1062 1751 quma

59 1777 289 1843 vehementior
305 1772 480 1833 fluminum
496 1794 614 1834 cursus
632 1782 682 1835 est
699 1794 803 1857 prono
822 1772 916 1837 atreo
934 1796 971 1838 ac
991 1775 1065 1835 nui·

32 1876 39 1883 ’
61 1888 239 1949 immores
259 1862 455 1967 objiciente,
478 1902 577 1965 quam
595 1880 682 1944 inter
704 1882 867 1945 obstantia
886 1904 959 1945 saxa
979 1884 1067 1945 srae-

66 1995 111 2055 tis
130 1992 224 2075 aquis
246 2013 284 2053 ac
301 1989 565 2063 reluctantibus;
599 2000 712 2068 tanto,
743 2011 827 2072 quae
848 2010 994 2052 connexa
1015 1998 1067 2053 est

63 2111 99 2163 et
128 2096 360 2171 totisviribus
387 2095 474 2175 fluit,
516 2100 707 2181 fragosufet
737 2098 919 2181 interrupta
949 2098 1066 2159 nmiior

10 2263 12 2271 .
62 2206 180 2269 oratio.
222 2196 296 2267 'Cur
320 2184 396 2289 ergo
431 2204 517 2267 vires
549 2204 635 2289 ipsus
665 2206 774 2291 specie
807 2206 891 2267 solt-i
926 2214 1065 2291 putent,

62 2314 197 2399 quando
218 2336 270 2376 res
296 2334 357 2375 nec
377 2312 443 2373 ulla
464 2312 536 2377 siue
554 2325 625 2377 arte
645 2312 724 2375 satir
744 2311 858 2405 valeat
874 2324 906 2377 et
928 2310 1067 2377 consite·

61 2433 119 2483 tur
140 2442 277 2507 semper·
293 2430 396 2484 artent
422 2420 543 2484 decori
571 2454 615 2471 -·-
658 2424 766 2501 Quare
796 2418 875 2483 mihi
902 2420 1066 2507 cumposi-

62 2530 154 2592 tione
176 2530 266 2591 velut
288 2526 426 2619 umentis
453 2528 649 2613 quibusdam
676 2528 849 2612 nervisque
878 2530 1004 2593 intendi
1032 2540 1066 2593 et

63 2634 225 2699 concitari
245 2636 429 2700 sententiae
448 2638 612 2699 videntur.
656 2636 731 2697 Ideo
749 2636 971 2699 eruditissimo
993 2635 1066 2699 cui-

65 2766 130 2827 que
152 2766 344 2827 persuasum
365 2756 437 2823 est,
468 2744 576 2807 valere
598 2765 668 2805 eam
688 2736 979 2829 quamplurimum
998 2768 1064 2807 non

64 2852 106 2912 ad
132 2851 385 2933 delectationem
408 2852 522 2928 modo,
557 2850 614 2913 sed
633 2852 818 2915 admotum
844 2874 975 2937 quoque
993 2854 1066 2914 arni-

63 2980 202 3020 morum.
225 2991 266 3006 -·
310 2955 406 3036 Quod
422 2958 448 3017 si
466 2958 609 3019 numeris
626 2980 664 3019 ac
680 2961 785 3021 modis
801 2959 887 3021 ineest
905 2962 1066 3045 quaedam

61 3066 165 3128 tacita
180 3063 249 3143 vis,
275 3060 308 3125 ih
328 3064 476 3126 oratioue
497 3074 547 3126 est
561 3062 863 3141 vehementissirna5
889 3080 1069 3150 quantum-

62 3194 128 3257 que
158 3172 315 3248 interest,
348 3193 464 3235 sensus
497 3166 732 3254 idem'quibus
757 3174 1065 3256 t·er·bis·etl'eratur,

59 3289 213 3357 tantum,
246 3281 343 3342 verba
362 3281 474 3343 eudem
499 3300 565 3364 qua
591 3278 828 3361 compositione
848 3278 951 3341 vulin
974 3292 1067 3353 testu

62 3385 266 3473 jungantur,
296 3386 486 3451 velintne
509 3388 716 3451 claudantur.
759 3388 840 3449 Nam
855 3388 1012 3473 quaedam
1033 3398 1067 3453 et

62 3466 240 3581 efflentiis
255 3516 356 3583 parva
374 3505 408 3557 et
425 3493 612 3558 elocutione
631 3494 758 3558 modica
778 3497 881 3559 virtus
899 3496 979 3560 huuc
997 3496 1065 3560 sola

63 3602 279 3665 commendat
323 3598 474 3686 Denique
494 3603 583 3687 quod
609 3602 730 3687 cuique
750 3596 855 3666 visum
877 3608 938 3668 erit
961 3604 1066 3670 ‘t'chc-

61 3722 209 3786 menter,
231 3708 390 3789 dulciter,
418 3712 565 3793 speciose
589 3712 733 3791 dictum,
763 3714 869 3775 solvat
890 3722 922 3777 et
940 3716 1062 3779 turbet:

62 3819 181 3881 abierit
200 3818 304 3879 omnis
323 3808 400 3899 vis,'
413 3816 614 3903 jucunditas,
639 3818 745 3883 decor.
767 3856 807 3867 —-
847 3821 955 3899 Nunc,
979 3846 1064 3907 quae

61 3927 154 4011 prius
182 3925 241 4001 iis,
290 3926 347 4009 qui
376 3938 467 3991 recte
503 3949 699 4010 componere
732 3928 866 4007 vedent,
905 3930 1063 3993 discenda

63 4035 204 4113 saints-7
246 4035 282 4095 In
305 4030 395 4095 omni
412 4036 650 4119 compositione
669 4033 731 4095 tria
756 4047 836 4099 sunt
858 4058 976 4121 genera
1003 4060 1062 4100 ne·

63 4143 225 4220 cessaria,
259 4142 362 4218 erdo,
387 4146 554 4228 junctura,
584 4164 739 4206 numerus.
788 4143 935 4208 Primum
964 4142 1064 4227 igitur

844 4260 864 4318 ὅ
922 4252 928 4263 .
