2610 4800
605 464 690 567 aaa

148 693 320 756 sufficeret.
363 692 412 750 An
433 691 461 751 si
479 690 553 773 quis
570 689 702 773 ingenio
722 696 894 770 corruptus
916 708 954 750 sc
972 687 1138 767 tumidus,
1189 681 1193 689 ’

148 813 185 864 ut
201 800 347 883 plerique
363 807 460 871 sunt,
485 796 653 871 inciderit,
675 797 709 855 iu
726 794 789 856 hoc
804 816 877 857 cunr
896 794 943 857 ire
959 796 1140 877 patiemur?

149 909 274 969 aridum
290 916 388 988 atque
403 903 548 989 jejunum
562 926 625 965 non
641 905 777 982 alemus,
795 916 827 965 et
845 904 937 986 quasi
953 902 1140 966 vestienusi
1243 962 1246 969 .

149 1019 226 1078 Nam
248 1016 274 1076 si
294 1014 452 1097 quaedam
473 1012 640 1075 detrahere
659 1012 878 1073 necessarium
898 1023 966 1089 est,
994 1034 1053 1093 eur
1072 1033 1138 1074 non

149 1125 192 1185 sit
218 1121 357 1206 adjicere
383 1121 597 1184 concessum?
626 1122 741 1202 Neque
769 1140 838 1202 ego·
854 1128 967 1179 eontra
989 1132 1138 1183 naturam

147 1253 266 1315 pugne.
317 1232 388 1291 Non
418 1229 504 1291 enim
531 1228 743 1290 deterendurn
769 1227 801 1287 id
826 1229 966 1303 honum,
1002 1228 1140 1312 siquod

149 1338 329 1421 ingenitum
352 1349 419 1413 est,
443 1336 611 1412 existimo,
643 1336 705 1432 sed·
717 1335 918 1417 augendum,
941 1336 1141 1398 addendum-

150 1469 225 1527 que,
246 1446 333 1527 quod
351 1457 467 1506 cessat.
499 1445 548 1505 An
566 1466 642 1507 vero
664 1444 861 1505 clarissimus
877 1443 931 1504 itte
951 1456 1142 1526 praeceptor

149 1556 327 1628 Isocrates,
359 1576 454 1634 quem
476 1575 540 1612 non
560 1552 657 1640 magis
680 1551 753 1612 libri
773 1551 855 1612 bene
877 1549 1013 1625 dixisse,
1044 1574 1142 1639 quam

150 1661 302 1742 discipuli
330 1662 412 1722 hene
443 1661 592 1724 docuisse
618 1669 799 1736 testantur,
832 1680 932 1741 quum
953 1659 993 1720 de
1009 1658 1140 1741 Ephoro

149 1781 247 1850 atque
265 1771 474 1851 Theopompo
491 1770 537 1830 sic
555 1765 730 1849 judicaret,
753 1777 790 1829 ut
804 1767 895 1829 alteri
902 1767 1007 1848 frenis
1017 1811 1029 1838 ,
1051 1768 1141 1827 alteri

150 1879 322 1938 calcaribus
350 1898 427 1960 opas
453 1897 516 1935 esse
543 1875 667 1936 diceret
686 1876 733 1952 '),
774 1887 830 1936 aut
856 1876 888 1935 in
920 1875 975 1935 illo
1001 1875 1140 1936 lentiore

149 1984 346 2059 tarditatem,
371 1994 427 2044 :rut
446 1984 477 2042 in
500 1982 557 2043 illo
577 2004 677 2063 paene
694 1982 864 2066 praecipiti
883 1982 1140 2046 concitationem

150 2091 363 2172 adjuvandam
406 2088 552 2151 docendo
596 2090 811 2151 existimavit?
860 2113 961 2172 quum
1003 2090 1141 2151 alterurn

150 2199 284 2261 alterius
316 2210 431 2259 natura
457 2196 660 2258 miscendum
690 2198 912 2260 arbitraretur.
963 2196 1139 2259 imbecillis

149 2317 256 2368 tamen
282 2306 419 2389 ingeniis
439 2327 514 2367 sarrc
533 2305 580 2367 sic
601 2307 845 2387 obsequendum
863 2307 927 2384 sit,
958 2316 995 2366 ut
1012 2315 1141 2369 tantum

152 2413 185 2473 in
210 2414 264 2490 id,
288 2435 353 2495 quo
371 2426 464 2475 vocat
484 2426 617 2488 natura,
642 2413 812 2474 ducantur.
855 2415 903 2473 lta
921 2413 1029 2491 enim,
1053 2414 1141 2497 quod

152 2521 256 2581 solum
285 2529 440 2603 possunt,
473 2521 588 2580 meiius
616 2520 765 2581 efficient.
814 2521 847 2580 si
874 2543 949 2584 vcro
977 2522 1142 2583 liberalior

151 2630 283 2690 materia
302 2628 494 2710 contigerit,
518 2638 550 2688 et
569 2628 602 2688 iu
622 2649 683 2708 qua
706 2627 819 2688 merito
837 2627 875 2687 ad
895 2650 984 2709 spem
1003 2629 1139 2690 oratoris
1238 2694 1242 2715 ,Ι
1267 2672 1288 2693 .

153 2736 251 2796 simus
282 2735 439 2816 aggressi,
471 2733 561 2794 nulla
590 2734 718 2796 dicendi
747 2735 848 2795 virtus
877 2735 1055 2797 omittenda
1082 2747 1140 2799 est.

150 2845 229 2904 Nam
251 2843 328 2903 licet
349 2843 391 2903 sit
408 2843 550 2923 aliquam
572 2844 603 2903 in
629 2853 754 2926 partem
777 2843 927 2926 pronior,
951 2853 987 2903 ut
1009 2862 1141 2906 necesse

153 2961 219 3024 est,
250 2950 365 3011 ceteris
396 2960 502 3011 tamen
535 2973 600 3011 non
628 2952 840 3034 repugnabit,
873 2963 971 3034 atque
1000 2976 1036 3014 ca
1063 2975 1141 3015 cura

153 3058 241 3137 paria
258 3058 355 3119 saciet
375 3057 432 3133 iis,
454 3057 486 3117 in
508 3059 625 3140 quibus
646 3059 823 3121 eminebat:
846 3060 931 3122 sicut
950 3060 1004 3124 itte
1027 3068 1084 3142 (nc
1103 3062 1142 3123 ab

155 3165 265 3224 eodem
284 3168 429 3248 exempto
446 3167 651 3244 recedamus)
671 3167 841 3229 exercendi
857 3190 991 3251 corpora
1007 3171 1142 3253 peritus,
1182 3241 1185 3245 Ἰ

155 3293 240 3344 non,
272 3272 299 3331 si
331 3272 513 3333 docendum
538 3277 777 3355 pancratiasten
802 3277 1001 3359 susceperit,
1032 3292 1141 3361 pugno

154 3378 251 3437 ferire
277 3379 327 3439 vol
354 3379 443 3442 calce
465 3388 610 3459 tantum,
642 3392 698 3444 aut
727 3405 827 3444 nexus
847 3385 959 3462 modo,
990 3384 1141 3468 atquein

155 3482 204 3544 his
238 3495 344 3547 certos
373 3487 495 3571 aliquos
525 3489 672 3569 docebit,
707 3490 762 3553 sed
791 3493 920 3573 omnia,
954 3515 1035 3578 quae
1065 3505 1167 3557 suut.

171 3699 500 3717 —u———o--uunq

185 3826 224 3898 '*)
241 3832 282 3882 De
297 3831 473 3904 Theopompo
494 3843 521 3887 et
541 3834 664 3906 Ephoro,
691 3835 840 3901 historicis,
868 3834 901 3889 cf.
916 3837 1036 3908 inprimis
1053 3839 1142 3893 Cicer.

240 3926 281 3977 ae
298 3944 335 3979 or.
356 3931 403 3982 111.
422 3945 445 3981 c.
464 3946 489 3998 9.
533 3931 566 3982 u
587 3931 661 3984 aaut.
688 3948 713 3989 c.
733 3920 776 3989 sa'
802 3940 830 3984 a
855 3933 971 4001 Quanta.
992 3932 1049 4003 ipse
1070 3933 1087 3984 1.
1110 3933 1142 3986 x.

242 4037 265 4072 c·
287 4041 305 4072 ι·
324 4023 345 4086 t·
366 4021 405 4088 atu
