2610 4800
565 409 650 491 255

131 617 282 700 ›nscepte
303 608 440 676 dicendi
467 608 694 689 tradiderunt,
729 630 826 674 nemo
849 607 1034 691 dubitavit,
1071 621 1112 679 ut

131 720 207 785 =tiuu
228 720 309 807 ipris
328 718 487 783 librorum
510 718 616 782 titulis
636 727 790 781 testatum
807 719 873 798 sit,
896 719 1038 804 scriptor
1053 739 1110 783 eos

131 829 427 901 tennrtetorica,
457 826 572 888 Cicero
593 845 671 886 vero
693 825 812 904 etiam,
843 848 927 910 qnae
956 827 1111 889 rhetorice

131 946 264 1014 rocctur,
287 956 359 999 esse
377 934 581 1020 ortyiciosam
597 934 807 1020 eloquentiam
825 934 914 996 dicat
933 935 971 1013 *).
1013 935 1111 1017 Quod

131 1064 180 1107 nou
201 1053 347 1106 oratores
370 1052 500 1106 tantum
522 1039 756 1119 vindicarunt,
787 1053 825 1106 ut
846 1041 964 1104 rtudiis
985 1042 1113 1127 aliquid

131 1150 180 1214 ruis
203 1149 410 1235 praestitisse
435 1149 610 1225 videantur
621 1176 629 1223 ς
661 1147 719 1212 sed
739 1171 814 1212 cum
833 1146 885 1210 his
902 1148 1111 1235 philosophi,

131 1259 271 1323 stStoici
295 1269 329 1322 et
350 1257 562 1341 Peripatetici
580 1256 754 1343 plerique,
788 1257 1012 1319 consentiunt.
1063 1260 1113 1322 Ac

131 1387 168 1431 ns
180 1366 344 1429 dubitasse
369 1363 550 1443 confiteor,
585 1387 625 1426 nn
649 1364 735 1426 hauc
758 1376 886 1448 partem
905 1363 1111 1448 quaestionis

131 1474 314 1539 trrctsudum
328 1480 497 1557 putarem
522 1494 596 1533 nam
612 1473 686 1555 quis
702 1483 752 1535 est
767 1472 869 1552 adeo,
893 1494 960 1534 non
979 1475 1019 1535 ab
1036 1494 1113 1535 eru-

131 1576 236 1644 litione
252 1580 370 1658 modo,
404 1579 497 1643 seda
518 1600 618 1642 sensu
637 1589 782 1643 remotus
803 1577 968 1657 hominis,
1002 1590 1040 1641 ut
1063 1581 1114 1640 ia-

131 1684 258 1753 luicsudi
276 1686 428 1773 quidem,
458 1699 493 1751 et
509 1687 662 1767 texendi,
695 1699 728 1752 et
747 1711 765 1751 e
785 1687 857 1752 luto
877 1710 954 1750 vasa
969 1687 1113 1750 ducendi

131 1810 208 1859 srtem
225 1807 341 1885 putet3
363 1799 540 1862 rhetoricen
557 1807 689 1875 nutem,
712 1796 888 1859 maximum
903 1818 942 1860 ac
958 1796 1115 1881 pulcher-

131 1901 237 1969 riuum·
261 1911 444 1990 (ut-supra
472 1901 633 1983 diximus)
666 1925 770 1988 opus,
811 1903 846 1966 in
880 1913 946 1965 tam
973 1905 1114 1968 sublime

131 2010 278 2099 fastigium
300 2013 465 2079 existimet
477 2014 547 2077 siue
566 2027 631 2075 arse
647 2012 799 2076 venisset
839 2012 1003 2096 Equidem
1023 2013 1114 2092 illos,

131 2119 307 2201 quieoutrn
323 2121 552 2207 disputarunt,
584 2143 650 2183 non
671 2131 737 2183 tarn
755 2120 919 2199 sensisse,
954 2121 1043 2203 quod
1063 2119 1116 2182 di-

131 2240 245 2306 errent,
278 2251 376 2314 quam
404 2251 556 2293 exercere
584 2228 715 2313 ingenia
745 2229 899 2291 materiae
925 2228 1116 2293 difficultate

131 2322 389 2402 triloroluisse:
424 2338 512 2401 sicut
528 2336 735 2421 Polycratem
755 2335 819 2416 *'),
850 2359 953 2420 quum
974 2338 1117 2400 Busirim

131 2435 289 2525 laudaret:
301 2453 335 2508 et
350 2443 657 2530 Clytaemnestram:
680 2465 871 2528 quanquam
886 2445 935 2524 is,
959 2445 1048 2530 quod
1064 2445 1116 2509 his

132 2535 271 2616 dissimile
292 2575 359 2615 non
376 2563 480 2631 erret,
503 2552 727 2636 composuisse
748 2553 942 2633 orationem,
966 2576 1050 2656 (puae
1066 2565 1118 2619 est

133 2651 227 2725 hatita
249 2669 366 2724 contra
382 2661 570 2737 Socratem,
594 2659 726 2723 dicitur.

178 2768 317 2850 Quidam
354 2769 538 2831 naturalem
572 2789 644 2830 esse
679 2768 867 2832 rhetoricen
901 2768 1041 2846 volunt,
1084 2778 1119 2833 et

133 2877 224 2940 temen
252 2876 398 2962 adjurari
423 2876 653 2941 exercitatione
684 2897 750 2939 uon
780 2877 978 2940 diffitentur:
1017 2887 1055 2940 ut
1083 2877 1128 2957 iu¹

133 2977 210 3048 libri·
228 2984 399 3047 Ciceronis
420 2983 460 3047 de
477 2985 616 3047 Oratore
630 2983 712 3048 dicit
726 2985 904 3062 Antonius,
927 2986 1121 3049 observatio-⁴

134 3106 190 3155 ons
210 3090 375 3176 quandam
395 3113 488 3170 esse,
510 3114 576 3155 non
596 3106 692 3154 artem
710 3092 782 3169 m).
824 3093 921 3172 Quod
942 3115 1007 3155 non
1032 3093 1119 3172 ideo,

131 3208 163 3260 ut
177 3224 235 3287 pro
254 3221 331 3265 vero
347 3200 571 3284 accipiamur,
594 3212 644 3264 est
663 3202 827 3287 positum3
852 3201 909 3264 sed
928 3212 965 3263 ut
980 3201 1120 3264 Antonii

133 3320 258 3382 persons
284 3298 457 3390 servetur,
492 3311 551 3394 qui
570 3312 795 3375 dissimulator
811 3308 890 3371 artis
910 3309 985 3372 fuit.
1027 3310 1120 3378 Hane

133 3426 231 3480 sutem
248 3417 438 3502 opinionem
453 3419 606 3482 habuisse
617 3419 728 3504 Lysias
743 3418 883 3482 videtur.
924 3414 1024 3501 Cujus
1044 3438 1122 3478 seu·

131 3520 246 3589 tentiae
264 3525 340 3587 talis
358 3526 506 3590 defensio
524 3536 594 3607 est,
630 3527 719 3611 quod
741 3525 886 3605 indocti,
921 3535 955 3589 et
973 3524 1121 3606 barbari,

131 3681 428 3713 *αισι-

175 3793 258 3870 ‘)De
274 3798 380 3854 invent
400 3801 422 3852 1.
443 3812 466 3851 c.
486 3798 511 3853 5.
568 3835 573 3840 -

162 3887 200 3963 ¹⁶)
214 3896 257 3949 De
274 3893 419 3963 Polycrate
435 3892 489 3946 hoc
505 3890 559 3946 rid.
573 3890 658 3946 Arist.
677 3889 756 3944 Rhet.
770 3889 788 3944 l.
804 3891 841 3943 11.
856 3903 880 3944 e.
895 3886 936 3958 ri.
973 3886 1124 3964 Praecipue

211 3998 306 4042 sutem
323 3990 410 4042 Dion.
423 3989 490 4045 Hal.
507 3991 541 4040 ln
557 3986 636 4041 Isaeo
651 3985 715 4042 vot,
729 3985 764 4042 V.
778 4003 805 4059 p.
821 3987 881 4057 627·
898 3983 942 4039 ed.
957 3985 1009 4044 W.

145 4068 198 4149 ···)
219 4085 309 4139 cem.
325 4084 370 4140 oe
387 4101 426 4145 οι,
445 4085 467 4138 1.
485 4098 511 4137 e.
529 4099 573 4137 ae
