2610 4800
530 440 615 517 303

179 638 291 711 iussim
310 640 451 705 reddunt,
484 649 514 695 et
540 640 621 693 nimis
643 638 750 709 sngusti
767 656 849 711 ssepe
867 654 922 691 non
943 636 1073 691 sidentur

178 750 240 815 persp
263 754 364 809 cepere
391 736 540 803 imaginum
561 736 781 789 collocationem.
823 735 896 787 Tum
918 748 971 787 nec
993 732 1073 785 nimis

177 828 313 896 ileum,
330 848 385 887 nec
403 830 580 887 vehementer
601 831 730 884 obscuros
747 831 825 884 locos
837 829 932 882 beben
949 837 1072 899 oportet,

173 928 398 983 ssobeseeenrus
415 927 535 983 tenebris
553 927 700 994 imsgines,
725 936 775 980 sut
793 925 939 997 splendore
954 924 1074 996 prselul-

129 1002 133 1013 ¹
171 1032 251 1087 tunt
295 1021 445 1076 Intersnlls
468 1021 591 1074 locorum
615 1021 764 1074 mediocris
788 1037 847 1073 esse
872 1019 984 1091 placet,
1016 1018 1073 1072 iere

123 1124 129 1131 '
166 1118 257 1185 psello
271 1116 351 1189 plns,
376 1126 426 1169 sut
445 1116 534 1167 minus
548 1115 650 1187 pedum
670 1114 811 1168 tricenum.
848 1113 917 1166 Nem
932 1123 963 1166 ut
979 1129 1075 1183 nspec-

111 1244 113 1249 ·
165 1218 223 1277 ins,
242 1213 283 1267 ite
297 1211 427 1279 cogiteris
441 1212 529 1264 minus
543 1210 627 1273 srlet,
647 1210 703 1263 sire
716 1209 795 1262 nimis
809 1208 904 1280 procul
919 1207 1073 1271 remoreris,
1097 1204 1100 1209 ’

160 1305 218 1361 rire
238 1306 417 1361 vehementes
429 1322 512 1376 prope
526 1304 675 1357 ndmoseris
690 1304 737 1366 id:
765 1302 842 1377 quod
856 1312 963 1373 oportet
977 1302 1074 1355 sideri.

111 1404 113 1409 '
157 1398 217 1455 Sed
231 1418 390 1473 quenqurm
405 1400 487 1452 iscile
501 1409 543 1453 est
558 1400 593 1463 ei,
614 1401 661 1471 qui
674 1399 769 1470 psollo
786 1398 864 1470 pluro
878 1396 1072 1469 exploraverit,

153 1496 285 1567 quemvis
301 1495 400 1547 multos
416 1504 445 1548 et
456 1494 569 1548 idoneos
583 1495 658 1547 locos
672 1510 841 1564 compsrare:
865 1502 957 1545 tomen
971 1494 993 1545 si
1009 1493 1073 1563 quir

151 1590 195 1643 nd
208 1590 262 1643 iste
276 1590 341 1644 setis
354 1590 467 1643 idoneor
479 1591 601 1643 invenire
614 1608 643 1642 sc
660 1607 716 1641 non
732 1588 851 1660 putabit,
869 1587 927 1659 ipse
942 1587 992 1640 ribi
1007 1604 1074 1640 con-

149 1684 259 1739 stituet
278 1700 362 1757 quem
380 1684 456 1739 rolet
475 1684 578 1737 multos
595 1683 699 1737 licebit.
736 1682 872 1751 Cogitatio
889 1681 961 1733 enirn
977 1698 1074 1752 quem-

153 1778 200 1833 vis
214 1778 353 1847 regionem
368 1788 458 1850 potest
472 1779 611 1850 emplecti‚
631 1789 660 1832 et
676 1778 705 1829 in
718 1795 750 1831 ea
765 1777 847 1829 situm
859 1775 914 1829 loci
930 1775 1073 1842 cujusdam

152 1872 195 1927 ed
209 1890 292 1927 suum
306 1872 446 1927 arbitrium
459 1873 584 1926 fabricari
599 1883 628 1927 ct
642 1872 822 1927 architectari.
858 1872 951 1941 Quare
964 1870 1072 1935 licebit,

154 1968 182 2023 ri
206 1966 262 2021 hnc
285 1976 390 2039 promte
411 1969 491 2040 copis
520 1970 643 2022 conteuti
671 1986 727 2020 noo
750 1968 865 2030 erimus,
896 1966 1073 2037 nometipsos

158 2062 238 2117 nobis
252 2062 419 2131 cogitatione
435 2072 525 2115 nostra
543 2063 678 2129 regionem
698 2061 884 2126 constituere,
913 2070 942 2114 et
959 2061 1075 2114 idoneo·

159 2176 220 2211 snm
251 2156 374 2211 locorum
402 2158 644 2211 commodissimum
677 2156 880 2210 distinctionem
908 2172 1073 2226 comparere.

158 2252 204 2307 De
226 2252 296 2306 locis
315 2252 380 2307 setis
401 2253 507 2306 dictum
527 2262 584 2306 est:
615 2268 690 2323 pune
709 2253 744 2304 sil
764 2253 916 2323 imaginum
939 2252 1074 2306 sotionem

159 2356 338 2403 ἱηιιιοιιιιιιι.
357 2347 493 2416 Quoniam
505 2365 566 2415 ergo
578 2366 665 2429 sempr
676 2347 777 2401 similes
787 2346 919 2417 imaginer-
926 2364 985 2400 esse
995 2364 1075 2418 opor-

160 2450 219 2507 tet,
238 2455 268 2496 et
285 2460 320 2496 ex
334 2442 460 2496 omnibus
475 2443 563 2496 verbio
578 2452 655 2496 notos
672 2442 751 2494 nobis
766 2442 958 2495 similitudines
974 2443 1074 2510 eligere

162 2536 312 2602 debemus,
332 2538 458 2610 duplices
474 2538 667 2591 similitudines
680 2554 738 2590 csse
749 2536 864 2589 debent:
884 2554 955 2590 unse
968 2554 1073 2600 rerum,

160 2630 264 2685 slterne
277 2632 433 2685 verborum.
469 2634 565 2685 lissum
579 2631 770 2684 similitudines
785 2632 989 2701 exprimuntur,
1010 2649 1073 2684 cum

161 2726 317 2781 summatim
331 2728 449 2798 ipsorum
460 2729 630 2795 negotiorum
643 2727 773 2794 imagines
786 2727 980 2798 comparemus.
1006 2727 1074 2779 Ver·

160 2818 258 2873 borum
281 2822 474 2875 similitudines
492 2822 714 2885 constituuntur,
746 2836 809 2873 eum
831 2821 913 2873 unius
937 2821 1073 2892 cujusque

162 2917 280 2970 nominis
307 2927 336 2970 et
357 2917 485 2970 vocsbuli
507 2920 636 2971 memoris
655 2918 771 2985 imagine
792 2927 912 2973 notetur.
934 2946 966 2959 ·-
987 2947 1019 2960 ·-
1039 2944 1071 2957 -

162 3010 262 3075 Nunc,
282 3014 412 3083 quonism
426 3014 497 3066 solet
510 3014 649 3079 occidere,
670 3024 703 3067 ut
716 3015 845 3081 imagines
858 3014 955 3085 purtim
968 3012 1072 3077 flrmne,

165 3115 194 3159 et
206 3108 242 3159 sd
259 3108 424 3160 monendum
445 3108 561 3162 idoneae
582 3111 651 3173 sint,
679 3110 774 3180 purtim
789 3108 940 3162 imbecilles
957 3117 986 3162 et
998 3109 1074 3161 infir-

163 3218 239 3264 mne,
267 3220 338 3273 qssse
354 3203 401 3254 rix
414 3205 569 3256 memoriam
584 3203 688 3275 possint
702 3205 839 3256 excitare:
866 3222 922 3275 qus
940 3203 975 3257 de
991 3221 1073 3256 cause

166 3304 314 3367 utrumque
335 3297 399 3359 fist,
435 3297 661 3350 considerandum
678 3308 734 3360 est,
769 3306 816 3361 ut,
849 3297 1072 3365 cognitscauss,

161 3406 231 3460 ‘qnos
247 3392 365 3444 vitemus
381 3402 410 3445 ct
423 3411 491 3464 quas
511 3410 659 3464 sequamur
680 3393 825 3460 imagines,
845 3394 913 3446 scire
934 3394 1074 3465 possimus.

166 3483 254 3537 Docet
268 3485 350 3552 igitur
366 3505 415 3539 nos
430 3488 487 3558 ipsa
501 3496 615 3549 natura,
643 3487 711 3558 quid
727 3496 852 3558 oporteat
866 3488 940 3555 lieri3
972 3505 1035 3540 nam
1051 3486 1074 3539 si

168 3596 233 3648 qum
255 3597 297 3632 res
321 3583 349 3633 in
368 3583 425 3634 sits
440 3584 562 3635 vs'ilemus
579 3600 689 3652 parvas,
722 3584 854 3646 usitatos,
873 3582 1073 3654 quotidianas,

170 3689 212 3726 err
238 3676 392 3729 meminisse
416 3696 471 3729 non
493 3676 625 3730 solemus:
656 3688 798 3747 propterea
824 3678 899 3747 quod
920 3676 999 3728 nulls
1023 3677 1074 3730 nisi
1144 3687 1150 3698 ⁸

170 3782 254 3832 nors,
287 3780 337 3823 aut
357 3772 509 3823 admirabili
530 3791 558 3824 re
574 3780 759 3824 commovetur
774 3771 894 3837 animus3
924 3780 953 3822 at
971 3772 1076 3844 siquid

170 3861 307 3925 videmus.
327 3876 376 3918 out
389 3867 531 3920 audiemus
545 3866 650 3933 egregie
662 3875 757 3936 turpe,
784 3874 833 3916 aut
847 3866 1009 3930 honestum,
1033 3867 1077 3918 in·

170 3958 315 4021 usitetum,
334 3978 477 4028 magnum,
496 3960 674 4024 incredibile,
694 3960 860 4024 ridiculum,
878 3960 908 4012 id
923 3961 971 4013 diu
982 3963 1078 4014 memi-

170 4052 238 4107 nisse
259 4057 452 4110 consuevimus
503 4058 630 4127 Itemque
654 4073 722 4128 quas
743 4072 786 4108 res
807 4064 872 4109 ante
893 4057 1077 4112 urs-videmus
