2610 4800
522 478 644 579 5⁷,

42 679 119 742 nisi
144 688 213 742 arte
236 676 374 762 adsequi
393 684 524 761 potest3
554 675 620 740 boc
639 673 830 740 exercitatio
853 676 957 762 petit,
988 678 1053 744 boc

53 787 214 860 imitatio;
242 785 310 849 'bio
343 784 449 847 omnis
479 795 566 865 uetus
605 785 819 849 consumitur.
870 785 944 848 Non
978 785 1054 850 ideo

54 907 161 959 tamen
192 893 262 956 solo
291 903 341 956 est
370 890 494 977 agendo
527 913 607 955 oure
635 893 819 956 verborum
870 893 1053 957 Occurrsrn

55 1003 162 1078 enim,
200 1021 335 1062 necesse
358 1010 427 1078 est,
459 1011 510 1077 et,
539 999 631 1062 velut
656 999 691 1060 in
714 999 878 1063 vestibulo
902 1001 1053 1085 protinus

56 1107 306 1192 apprehensuris
319 1105 408 1169 beno
431 1107 670 1170 confessionem
687 1129 809 1192 meam,
833 1107 983 1170 resistens
1000 1108 1053 1186 iis,

56 1216 114 1299 qni
136 1215 253 1276 omissa
272 1236 381 1277 rerum
398 1214 479 1298 (qui
495 1214 588 1278 nervi
607 1225 686 1278 eunt
703 1215 737 1275 in
760 1214 886 1293 causis)
914 1214 1055 1298 diligen·

55 1324 115 1401 tia,
139 1323 277 1405 quodam
294 1322 385 1384 ineni
399 1323 487 1385 circa
498 1343 597 1386 voces
613 1322 724 1387 studio
739 1330 931 1385 senescunt:
955 1322 1055 1405 idque

37 1431 182 1509 iaciunt
207 1431 311 1514 gratie
338 1419 488 1508 decoris,
521 1430 611 1514 qnod
643 1442 693 1494 est
722 1429 755 1492 in
785 1428 945 1507 dicendo,
985 1452 1056 1492 mee
1135 1428 1138 1435 '

56 1537 187 1622 quidem
207 1538 380 1622 opinione,
404 1536 681 1619 pulcherrimum
705 1537 763 1600 sed
777 1559 880 1621 quum
894 1536 1057 1620 sequitur,

11 1680 14 1685 Δ
54 1669 122 1708 non
142 1668 244 1729 quum
266 1646 461 1706 adfectatur.
503 1645 645 1731 Corpora
666 1665 766 1723 sena,
788 1655 821 1706 et
844 1643 964 1726 integri
985 1665 1057 1705 sen·

54 1753 187 1836 guinis,
219 1761 253 1815 et
281 1748 515 1812 exercitatione
541 1749 685 1826 firmate,
719 1771 758 1811 ex
780 1749 892 1813 iisdem
908 1749 961 1811 his
985 1773 1059 1834 spo·

57 1860 144 1921 ciem
161 1858 352 1940 accipiunt,
375 1878 414 1918 ex
435 1856 554 1938 quibus
573 1854 679 1918 vires:
702 1879 843 1940 numque
860 1865 893 1919 et
915 1856 1059 1920 coloret·

60 1975 93 2031 et
113 1964 268 2026 adstricto
285 1975 318 2026 et
335 1962 467 2043 incertis
488 1984 637 2047 expresse
656 1976 752 2041 eunt3
785 1964 843 2026 sed
860 1964 994 2045 endem,
1028 1965 1058 2029 si

58 2073 131 2155 quis
149 2071 240 2133 vulso
259 2074 484 2154 atquesucutn
503 2070 709 2134 muliebriter
727 2085 846 2149 comat,
868 2073 1057 2136 sordissima

55 2188 134 2244 sunt
156 2179 226 2262 ipso
247 2181 369 2242 formae
392 2179 511 2242 labore.
553 2180 597 2241 Et
620 2179 729 2242 cultus
756 2201 934 2244 concessus
957 2191 1057 2266 etque

54 2267 356 2368 magnificusaddit
371 2286 576 2365 hominihus,
599 2299 636 2350 ut
654 2309 770 2371 graeco
787 2310 884 2351 versu
902 2299 1058 2354 testatum

56 2408 107 2460 est
125 2396 170 2473 *)‚
201 2395 430 2457 auctoritatem
441 2423 450 2466 5
488 2402 520 2454 ut
540 2395 710 2479 muliebris
730 2404 763 2457 et
783 2395 968 2459 luxuriosus
989 2418 1056 2462 nou

57 2524 177 2586 corpus
206 2514 364 2581 exornat,
398 2502 455 2566 sed
483 2502 605 2585 detegit
632 2514 784 2567 mentem.
826 2505 1059 2570 Similiterillu

56 2610 260 2672 translucida
290 2622 324 2672 et
341 2610 533 2673 'versicolor
558 2611 773 2693 quorumdam
804 2612 975 2695 eloquutio
1004 2634 1057 2676 res

56 2718 143 2801 ipsas
163 2717 366 2795 effoeminat,
400 2742 483 2801 quae
502 2717 559 2778 itto
583 2721 757 2784 verborum
778 2719 892 2781 habitu
911 2722 1058 2785 vestiun-

56 2835 134 2893 tur„
163 2827 283 2887 Curam
302 2846 378 2906 ergo
395 2827 591 2903 verborum,
619 2850 730 2888 rerum
749 2827 824 2889 volo
843 2851 913 2891 esse
932 2829 1058 2892 sollici·

56 2933 217 2998 tudinem.
259 2934 340 2995 Nam
367 2931 562 3017 pierumque
590 2935 710 3016 optimu
735 2936 833 2997 rebus
858 2937 1056 3019 cohaerent',

54 3055 92 3106 et
120 3052 304 3108 cernuntur
332 3063 392 3106 suo
420 3040 564 3113 lumine;
610 3053 644 3107 at
670 3063 732 3106 nos
764 3044 951 3131 quaerimus
982 3045 1058 3125 ius,

147 3263 364 3338 quodammodo:
398 3266 493 3340 qualia
519 3275 585 3319 sunt
611 3283 662 3330 ee,
696 3282 769 3336 quse
791 3264 990 3320 trsnsieruntur
1012 3274 1060 3320 sut

147 3362 411 3430 immutantnr‚.sut
430 3380 479 3426 ea,
498 3361 599 3435 quihus
616 3371 757 3434 tamquam
775 3359 929 3426 abutimur,
950 3370 999 3414 eut
1015 3379 1058 3424 es,
1150 3395 1154 3402 -

147 3476 219 3529 quae
238 3457 430 3522 obscuramus,
457 3475 528 3529 quae
546 3457 745 3510 incredibiliter
762 3457 901 3533 tollimus,
928 3474 1059 3527 quaeque

146 3553 312 3617 mirabilius,
339 3541 422 3626 quam
440 3553 570 3613 sermonis
587 3540 759 3606 consuetudo
776 3554 896 3624 patitur,
924 3569 1059 3608 ornamus.

93 3649 120 3718 ⁶)
141 3648 184 3702 Ad
202 3667 284 3720 quem
302 3667 408 3702 versum
427 3648 525 3701 Noster
542 3646 665 3713 altadas,
685 3649 783 3703 frustm
797 3647 888 3702 adhuc
903 3649 1059 3718 quaesitum

143 3753 196 3799 est.
231 3744 332 3798 Erasmi
349 3743 440 3815 (etit.
456 3746 483 3807 3,
506 3760 529 3807 ι,
545 3740 606 3812 bo.)
624 3744 726 3815 opinio,
746 3761 828 3815 quam
843 3741 925 3810 vulgo
939 3761 1060 3816 sequun·
1158 3790 1164 3797 .

51 3912 54 3918 ι
145 3849 209 3902 tur,
237 3838 369 3911 designari
387 3858 402 3891 a
421 3838 507 3893 Fabio
526 3838 621 3906 Odyss.
640 3840 686 3890 VI.
707 3857 747 3906 ²9·
773 3838 846 3890 omni
868 3838 978 3896 omniuo
996 3839 1060 3892 sun·

51 3929 53 3933 ’
147 3933 277 3985 damento
295 3934 460 3987 destituitur.
498 3933 576 4016 Illud
595 3932 737 4000 scaligeri:
756 3932 878 4004 Εἴματα
896 3937 981 4010 desig:
1006 3936 1061 3986 Vc·

147 4029 194 4080 stis
207 4029 292 4084 virum
311 4028 391 4091 facit,
418 4048 451 4081 ex
470 4029 524 4081 hoc
543 4029 601 4099 ipso
618 4026 694 4097 Fabii
713 4030 775 4082 loeo
794 4030 889 4084 fictum
908 4047 966 4085 esse
984 4028 1061 4083 vide-

147 4131 210 4176 tur.¹
237 4124 276 4178 Cf.
297 4123 392 4194 Quint.
412 4125 456 4179 ed.
476 4124 568 4198 Spstd.
586 4123 651 4178 -vot
670 4123 722 4179 111.
740 4143 765 4198 p.
790 4129 846 4194 187.
