2610 4800
506 491 632 597 sse,

45 684 261 770 cogitandum
278 685 471 769 putassent?
496 686 619 769 Nempe
637 686 720 749 nihil
736 687 855 751 suisset
870 647 1050 753 inveniunt.

44 796 117 855 Cur
140 793 243 877 igitur
268 795 446 870 refecerit,
475 794 612 876 reperiri
632 795 759 878 aliquid
782 819 800 856 a
824 796 938 873 nobie,
962 795 1052 879 quod

45 909 125 963 ante
148 921 214 963 non
238 901 362 964 fueriti
403 905 455 962 An
487 901 536 963 iili
565 900 665 964 rudes
693 903 761 963 sola
787 905 906 966 mentis
936 914 1052 967 natura

47 1008 140 1071 ducti
160 1017 239 1070 sunt
259 1008 396 1087 inhoc,
426 1021 464 1073 ut
486 1020 551 1071 tam
566 1010 669 1071 muita
686 1021 898 1092 generarent:
931 1032 990 1073 nos
1010 1009 1051 1073 ad

48 1115 271 1201 quaerendum
304 1138 369 1177 non
404 1139 443 1179 eo
475 1117 547 1200 ipso
578 1118 804 1195 concitemur,
844 1118 933 1201 qood
963 1128 1052 1184 certe

50 1210 171 1287 scimus
193 1223 360 1306 inqenisse
382 1245 457 1301 eos,
480 1225 537 1307 qni
554 1225 791 1307 quaesierunt?
831 1226 874 1287 Et
898 1247 972 1287 oum
990 1224 1050 1304 iili,

53 1331 257 1415 quinalium
277 1330 469 1414 cujusquam
489 1332 537 1393 rei
555 1332 741 1394 habuerunt
757 1332 957 1416 magistrum,
979 1332 1052 1417 piu·

52 1439 132 1500 rima
167 1439 201 1500 in
233 1449 381 1523 posteros
412 1437 631 1515 tradiderint,
674 1439 768 1515 nobie
800 1461 878 1500 usus
915 1440 1052 1503 aliarum

52 1569 159 1609 rernm
178 1547 219 1608 ad
237 1547 396 1609 eruendas
417 1546 496 1606 alius
522 1552 585 1607 non
605 1546 771 1633 proderit,
803 1548 859 1610 sed
883 1547 1052 1609 nihiluha·

10 1676 13 1699 ·
51 1656 196 1718 bebimus
217 1655 282 1716 nisi
304 1653 457 1717 beneficii
475 1653 596 1717 alieni?
624 1653 895 1738 quemadmodum
918 1655 1051 1738 quidam

53 1765 192 1846 pictores
220 1763 252 1823 in
282 1762 316 1822 id
339 1762 445 1823 solum
475 1763 629 1839 student,
663 1773 701 1824 ut
721 1762 905 1826 describere
925 1765 1050 1826 tabulas

55 1870 212 1943 mensuris
227 1892 264 1931 ac
280 1869 377 1932 lineis
395 1870 511 1932 sciant.
554 1872 663 1952 Turpe
680 1871 778 1931 etium
795 1870 877 1932 iilud
891 1881 952 1948 est,
976 1893 1052 1934 oon·

55 1987 177 2041 tentum
204 2000 275 2040 ease
300 1977 333 2039 id
358 1977 539 2058 consequi,
575 1977 663 2059 quod
683 1958 831 2038 imiteris.
873 1979 954 2041 Nam
978 2000 1053 2040 rur·

57 2106 105 2149 sus
121 2088 152 2165 Γ)
173 2084 253 2170 quid
273 2087 523 2161 eructaturum,
560 2084 587 2146 si
610 2106 704 2146 nemo
725 2084 798 2168 plus
820 2086 982 2149 effecisset
998 2109 1050 2166 eo,

58 2214 146 2276 quem
165 2193 386 2277 sequebatur?
426 2192 515 2253 Nihil
543 2191 576 2253 in
594 2192 700 2274 poetis
720 2214 818 2276 supra
835 2196 960 2256 Livium
980 2199 1051 2257 An·
1160 2273 1164 2279 ι

60 2302 241 2374 donicum,
275 2300 356 2362 nihii
382 2301 415 2361 in
446 2298 592 2362 historiis
621 2303 718 2380 supra
736 2301 833 2362 Ponti
856 2324 925 2362 cum
952 2322 1052 2363 onna-

62 2412 160 2487 tow)
182 2411 391 2474 haberemus:
430 2409 554 2472 ratibus
585 2388 691 2479 adhuc
719 2410 942 2494 navigaretur:
984 2432 1050 2474 non

69 2562 402 2579 ——n-——n—-n

95 2633 120 2701 *)
135 2634 204 2687 Alii:
229 2635 424 2689 Bursaonum.

88 2725 124 2798 ¹*)
141 2729 220 2782 Circa
237 2729 399 2781 Pontificum
416 2729 529 2782 annales
549 2737 578 2782 et
594 2727 722 2782 historiae
739 2730 874 2782 Romanae
891 2718 1051 2782 scribendae

135 2823 280 2895 primordia
299 2825 396 2877 Cicero
415 2823 475 2894 (De
491 2843 527 2876 or.
545 2829 580 2881 11.
596 2841 620 2879 c.
640 2842 677 2876 ra.
695 2821 715 2893 §.
731 2824 764 2876 52
776 2821 874 2895 seqq.)
888 2823 984 2891 dignus
998 2833 1050 2885 est,

136 2919 185 2991 qui
208 2919 342 2972 audiatur.
391 2919 478 2972 «Erat
506 2918 617 2988 [enim]
645 2918 757 2971 historia
777 2918 847 2971 nihil
869 2919 965 2982 aliud,
999 2918 1052 2971 uisi

136 3013 278 3066 annalium
296 3013 448 3067 confectio:
474 3015 553 3081 cujus
566 3001 622 3075 rei,
649 3014 850 3085 memoriaeque
865 3012 1052 3085 publicasse·

135 3108 267 3162 tinendae
289 3125 388 3172 causa,
415 3108 450 3159 ab
471 3109 550 3163 initio
568 3126 656 3161 rerum
673 3112 852 3160 Romanorum
869 3126 958 3179 usque
975 3108 1010 3159 ad
1023 3108 1051 3158 P.

21 3212 34 3231 ”
138 3204 281 3267 Mucium,
317 3204 474 3274 pontificem
501 3205 666 3266 maximum,
699 3223 740 3257 res
766 3221 859 3257 omnes
885 3203 1052 3268 singulorum

62 3320 65 3328 ·
138 3317 272 3352 annorum
290 3299 439 3352 mundnbat
453 3298 539 3352 literis
554 3299 677 3370 pontiicr
693 3299 843 3363 maximus,
869 3296 1052 3369 efferebatque

139 3396 169 3448 in
187 3393 300 3458 album,
320 3404 348 3447 et
361 3393 531 3466 proponebat
545 3394 668 3445 tatiulam
683 3394 774 3456 domi,
801 3384 920 3464 ¹potestas
937 3400 970 3445 ut
983 3400 1054 3444 esset

140 3491 243 3562 populo
257 3489 455 3558 cognoscendi3
482 3489 518 3552 ii,
548 3488 596 3560 qui
607 3489 693 3542 etiam
710 3505 784 3541 nunc
803 3489 924 3541 Anndles
938 3488 1053 3538 maximi

92 3577 96 3583 ⁸
137 3587 327 3661 nominantur,
365 3585 444 3660 ¹Hauc
466 3585 672 3638 similitudinem
698 3583 835 3638 scribendi
858 3582 939 3636 multi
964 3582 1053 3637 secuti

10 3734 14 3742 ,
38 3710 41 3715 ·
139 3691 221 3747 sunt,
249 3681 371 3762 quisine
391 3681 455 3734 ullis
473 3680 637 3734 ornamentis
653 3654 829 3733 monumenia
847 3680 934 3733 solum
948 3689 1054 3755 tempe·

32 3796 46 3809 ··
139 3795 216 3840 rum,
236 3775 392 3839 hominum,
413 3776 545 3839 locorum,
566 3785 757 3852 gestarumque
771 3775 1052 3846 rerumreliquerunt.

142 3874 241 3942 ltaque
255 3871 347 3942 'qualis
364 3871 436 3943 opud
453 3872 572 3924 Graecos
586 3869 768 3937 Pherecydes,
788 3869 961 3931 Hellanicus,
982 3871 1053 3922 Acu-

111 4031 114 4036 .
139 3966 283 4030 eleison,
310 3968 414 4036 aliique
427 3966 571 4036 permulti3
600 3964 866 4026 talisnostchsto,
897 3973 926 4016 et
946 3965 1052 4029 Pictor,

142 4071 171 4112 et
187 4063 267 4125 Piso,
295 4061 343 4132 qui
365 4078 457 4133 neque
479 4049 593 4123 tenent,
622 4058 722 4130 quibus
738 4057 820 4110 rebus
840 4068 951 4110 ornatur
965 4038 1052 4110 oratio

113 4144 114 4153 ¹
141 4155 240 4227 (modo
255 4156 326 4209 enim
341 4155 397 4210 huc
411 4154 460 4208 ista
474 4164 539 4207 sunt
553 4151 712 4226 importata)
732 4162 771 4219 et,
791 4150 857 4205 dum
870 4151 1050 4222 intelligatur.
