2610 4800
532 438 535 443 ,
623 343 694 419 ve

146 546 257 608 fatens
283 534 469 621 'Quaedam
485 562 564 608 vero
582 541 668 606 tradi
684 552 756 607 a'rte
773 563 839 607 non
855 550 1010 629 poseant.
1023 570 1069 596 ··-
1104 546 1166 612 dd
1191 560 1194 565 '

138 644 284 716 'sensum
308 632 615 738 igitur'referenda·
632 661 720 714 sunt.
762 651 912 734 Neqneas
937 650 1020 715 satia
1050 654 1165 735 forte,

150 758 233 842 quid
249 778 417 837 severum,
442 758 523 842 qnid
540 758 722 844 jucundum
740 757 802 838 sit,
825 757 1031 842 intelligeres
1054 762 1164 827 foetas

150 863 283 948 quidem
304 875 421 929 natura
441 866 525 930 duce
548 866 690 955 melius,
707 886 805 950 qnam
823 874 892 929 arte
903 891 912 942 ς
936 866 996 949 sed
1017 880 1165 937 naturae

150 971 214 1056 ipsi
230 992 282 1034 ara
298 972 400 1036 inerit
417 973 453 1052 *·).
816 986 819 995 '

157 1132 512 1149 w

183 1232 208 1305 *)
232 1235 365 1310 Reliqua,
400 1257 473 1312 quae
492 1237 714 1309 compositionem
732 1246 874 1311 spectant,
905 1247 1056 1313 praecepta
1074 1244 1167 1313 magis

179 1313 184 1323 ⁹
235 1314 400 1409 singularia,
427 1341 543 1405 quorum
562 1333 678 1406 plurima
696 1333 726 1385 in
747 1335 889 1387 Ciceronis
910 1314 981 1388 libro
1000 1332 1038 1390 de
1053 1340 1167 1410 optimo

234 1434 338 1499 genere
359 1425 475 1481 dicendi
500 1428 566 1500 (qui
590 1442 689 1482 oratos·
708 1428 882 1499 inscribitur)
906 1440 1078 1498 occurrunt,
1113 1451 1169 1487 sno

233 1520 301 1576 loco
320 1521 337 1595 (
343 1523 373 1575 in
396 1524 470 1577 Poet
499 1533 528 1578 et
552 1523 682 1595 Rhetor.)
706 1527 901 1595 proponentur.
936 1527 1022 1580 Juvat
1045 1526 1169 1582 interea

234 1617 391 1672 adscribere
413 1618 507 1673 adhuc
532 1613 667 1673 nonnulla
692 1637 780 1691 quum
806 1637 838 1673 en
864 1618 940 1674 libris
963 1622 1104 1677 auctoria-
1126 1620 1170 1679 ad

234 1715 426 1777 Herennium,
443 1724 503 1767 turn
523 1732 557 1768 ex
574 1715 624 1768 illo
641 1715 700 1785 ipso
723 1714 874 1771 Ciceronis.

281 1808 370 1880 Apud
397 1823 539 1863 auctorem
567 1807 607 1861 ad
630 1812 696 1865 Her
723 1828 794 1881 quse
820 1804 991 1881 sequuntur,
1026 1806 1167 1869 exstant.

236 1903 404 1974 Compositio
423 1914 464 1958 est
481 1904 625 1958 verborum
644 1905 827 1969 constructio,
853 1904 1053 1977 aequabiliter
1057 1926 1166 1981 perpo-

234 1998 333 2091 polita.
368 1998 407 2050 Eo
426 1992 650 2060 conservabitur,
676 1998 698 2050 si
722 1998 777 2049 fuo'
755 2017 855 2066 giemus
883 2000 988 2053 crebras
1015 2003 1166 2057 vocalium

217 2090 220 2095 ⁴
235 2093 502 2169 concursiones,
523 2100 551 2145 et
569 2092 590 2144 si
608 2091 754 2145 vitabimus
774 2095 897 2160 ejusdem
914 2095 1023 2148 litterae
1041 2097 1164 2152 nimiam

160 2200 166 2211 ·
188 2190 191 2195 ’
237 2187 445 2254 assiduitatem,
480 2188 526 2241 cui
552 2187 619 2241 vitio
644 2204 736 2241 versus
763 2188 809 2241 hic
836 2189 887 2243 erit
914 2190 1039 2261 exemplo
1072 2192 1162 2264 (nain

199 2276 214 2327 ἓ·
235 2281 304 2335 nihil
323 2278 451 2354 probibet
468 2284 497 2337 in
516 2284 608 2348 vitiis,
627 2283 724 2336 alienis
743 2283 874 2355 exemplis
894 2282 991 2354 nti):'

182 2420 186 2433 .
226 2420 230 2431 .
259 2377 389 2440 OTite,
408 2390 482 2440 tute,
504 2379 589 2441 Tati,
608 2378 660 2431 tibi
678 2392 778 2441 tanta,
798 2392 919 2445 tyranne
938 2379 1034 2433 tulisti.
1054 2406 1092 2421 -

162 2534 169 2547 ἣ
235 2470 309 2524 Er·
288 2490 311 2525 si
329 2473 451 2541 ejusdem
470 2473 545 2527 verbi
563 2474 751 2531 assiduitatem
769 2474 881 2530 nimiam
894 2473 1044 2542 fugiemus,
1065 2450 1102 2527 ea
1116 2484 1159 2531 est

205 2634 210 2645 ¹
233 2556 406 2635 hujusmodi:
424 2586 487 2621 nam
507 2571 585 2637 cujus
599 2569 711 2623 rationis
726 2569 794 2622 ratio
810 2588 865 2623 non
880 2578 980 2633 exstet,
1001 2568 1034 2621 ei·
1040 2569 1157 2636 rationi,

235 2652 306 2745 ratio
324 2681 380 2717 non
399 2672 457 2728 cst,
477 2665 560 2716 iidem
575 2663 685 2717 habere
720 2664 792 2717 Etsi
805 2664 949 2721 verborum
962 2664 1158 2731 tralectronem

164 2740 168 2755 ⁸
235 2736 398 2822 vitabimus,
423 2756 475 2811 nisi
496 2756 573 2830 'quae
599 2757 650 2811 erit
675 2759 810 2817 concinna
818 2775 828 2828 3
845 2789 878 2799 —
905 2742 1008 2830 quoin
1026 2757 1093 2813 vitio
1114 2770 1160 2817 est

234 2850 359 2908 Lucilius
378 2851 517 2931 assiduus,
538 2862 570 2906 ut
588 2852 641 2906 hoc
660 2864 700 2908 est
718 2855 747 2906 in
764 2854 853 2926 priore
871 2852 958 2906 libro:

296 2950 355 3001 Has
373 2965 417 3001 res
435 2944 476 3000 ad
491 2959 517 3001 te
534 2950 672 3019 scriptas,
691 2950 780 3010 Luci,
799 2949 939 3008 misimus,
959 2946 1030 3001 Aeli.

137 3030 141 3037 ¹
181 3070 184 3079 ·
235 3042 308 3097 Item
334 3042 428 3111 lugere
454 3038 561 3116 oportet
592 3044 702 3113 longam
725 3043 870 3097 vorborum
897 3040 1156 3111 continuationem,

164 3186 168 3193 .
235 3154 309 3209 qliae
328 3147 357 3209 et
374 3137 505 3192 auditoris
523 3157 602 3195 aures
621 3148 650 3194 et
668 3136 781 3193 oratoris
799 3136 924 3208 spiritum
937 3133 1089 3219 neptum.
1103 3138 1156 3193 tv.

237 3231 504 3303 ct.a.§.18.)-
546 3274 553 3289 ι
617 3276 621 3285 .
666 3272 672 3280 .

289 3325 330 3379 Ex
352 3326 495 3387 Ciceronis
512 3327 603 3392 libro,
636 3326 717 3380 modo
741 3326 872 3392 laudato,
905 3325 960 3379 hoc
987 3326 1156 3381 adducenda

238 3421 383 3476 videntur:
410 3400 413 3407 Ι

289 3519 332 3572 De
356 3519 444 3574 verbis
470 3517 542 3573 enim
566 3516 760 3587 componendis
780 3524 808 3570 et
826 3516 861 3569 de
878 3515 991 3584 syllabis
1008 3533 1155 3587 propemo-

238 3608 304 3663 dum
318 3612 522 3670 dinumerandis
542 3623 570 3667 et
586 3613 759 3666 dimetiendis
773 3612 936 3685 loquemur3
956 3629 1028 3683 quae
1045 3612 1155 3666 etiamsi

236 3712 318 3769 sunt,
336 3708 823 3771 sicutimihividenturneccasaria,
849 3715 942 3763 tamen
957 3707 1028 3759 liunt
1048 3707 1154 3777 magni·
1203 3720 1206 3729 ·

237 3800 381 3870 licentius,
407 3822 490 3877 qnam
511 3804 653 3859 docentur.
684 3830 714 3841 -
758 3803 826 3854 Nam
851 3805 973 3855 omnium
994 3819 1152 3869 magnarum

237 3896 354 3963 artium,
387 3900 460 3954 sicut
479 3899 626 3965 arborum,
642 3925 646 3933 ·
660 3897 780 3951 altitudo
801 3916 851 3952 nos
874 3897 1013 3961 delectat,
1046 3897 1151 3952 radicas

235 3992 390 4069 stirpesque
413 4011 468 4049 non
490 3995 574 4066 iteris
608 3994 658 4051 scd
680 4011 738 4050 ease
764 3993 814 4048 illa
836 3995 894 4051 sine
912 3992 955 4049 bia
975 4011 1031 4048 non
1051 3999 1150 4067 potest.
