2610 4800
603 459 688 539 455

154 659 236 723 tinne
252 657 420 738 audiendi,
440 661 498 744 qni
515 661 667 740 eredunt,
690 662 855 747 eptireirne
873 663 907 726 in
926 664 990 728 boc
1008 686 1141 730 nemore

152 768 331 851 eilraequer
365 769 455 852 qnod
471 769 525 830 illa
541 770 625 833 coeli
643 771 796 849 libertae,
829 773 977 835 locurum
997 778 1142 838 amoeni-

151 885 216 953 ter,
239 876 410 940 sublimem
429 877 576 939 animum
591 888 625 941 et
645 879 825 942 beatiorem
846 881 995 964 spiritum
1015 893 1142 965 parent.

148 983 226 1051 libi
242 994 334 1051 certe
350 983 514 1067 jucundor
532 984 587 1048 hic
604 986 723 1068 magis,
752 1008 850 1068 quarn
870 988 1055 1051 etudiorum
1062 989 1144 1052 bor·

127 1102 232 1157 ¹tator
247 1092 379 1156 ridetur
395 1115 465 1156 erse
482 1114 640 1157 recessus.
681 1095 829 1176 Namque
853 1094 929 1172 illa,
962 1117 1047 1179 quae
1074 1097 1143 1180 ipra

124 1200 331 1280 ¹delectant,
363 1222 496 1265 necesse
521 1212 572 1265 est
595 1212 735 1264 avocent
761 1201 800 1262 ab
826 1200 1013 1266 intentione
1033 1205 1142 1287 operia

128 1308 311 1379 'luriunt
352 1310 467 1391 Neque
489 1310 578 1371 euim
608 1330 643 1373 re
668 1310 756 1373 bona
783 1309 845 1372 fide
870 1309 904 1373 iu
925 1311 1028 1385 multa
1046 1311 1142 1375 simul
1235 1336 1238 1347 ·

148 1416 315 1481 intendere
345 1419 472 1478 animun
500 1426 615 1479 totum·
635 1426 760 1500 potest:
803 1426 835 1479 et
862 1440 1062 1503 quocunque
1090 1442 1143 1482 re-

148 1524 263 1609 epexit,
279 1524 404 1587 desinit
424 1524 558 1602 intueri,
583 1524 672 1607 qnod
689 1526 894 1608 propositum
914 1535 991 1588 erat.
1033 1530 1142 1606 Quare

148 1632 301 1697 ellurum
317 1633 503 1699 ,amoenitas
525 1643 557 1695 et
578 1633 851 1715 praeterlabentia
875 1631 1009 1696 flumine
1032 1645 1065 1697 et
1091 1635 1143 1697 in·

151 1743 307 1826 spirantes
334 1741 432 1807 ruinis
457 1741 611 1802 arborum
636 1760 733 1803 aurae
757 1741 999 1825 volucrumque
1024 1751 1142 1806 cautus

150 1858 180 1914 et
202 1850 276 1935 ipen
305 1848 371 1917 late
398 1848 689 1932 circumspiciendi
710 1848 843 1911 libertas
865 1848 906 1910 ud
927 1871 960 1912 ee
986 1849 1141 1912 trahuntz

149 1968 184 2023 ut
201 1956 285 2027 mibi
307 1957 474 2020 remittere
492 1958 601 2041 potius
628 1956 778 2040 voluptas
797 1956 857 2016 ista
881 1957 1032 2021 videatur
1055 1959 1143 2042 cogi·

148 2066 313 2143 lotionem,
334 2086 431 2147 quem
451 2064 633 2127 intendere.
675 2064 912 2153 Demosthenes
928 2066 1056 2144 melius,
1080 2064 1139 2148 qui

149 2194 182 2237 ee
201 2174 240 2239 in
267 2173 398 2250 locum,
431 2194 469 2234 ex
497 2193 563 2255 quo
586 2172 677 2233 nulla
697 2172 843 2234 exaudiri
871 2193 932 2233 vox
955 2183 988 2235 et
1011 2196 1053 2236 en
1074 2194 1140 2255 quo

118 2280 224 2345 ¹nibil
259 2281 401 2367 prospici
431 2290 562 2365 posset,
598 2279 819 2359 recondebat,
859 2303 901 2342 ne
920 2274 1023 2342 ‘aliud
1046 2302 1141 2363 agere

146 2401 286 2453 ruentem
315 2400 469 2472 cogerent
494 2389 582 2451 oculi
603 2389 640 2466 Ἴ.
684 2388 825 2471 ideoque
854 2383 1066 2452 lucubrante·
1095 2389 1142 2451 ri·

146 2496 282 2561 lentium
299 2498 407 2561 noctis
434 2508 468 2560 et
485 2496 634 2560 clausurn
655 2493 847 2558 cubiculum
861 2507 894 2560 et
910 2497 1020 2561 lumen
1039 2520 1142 2559 uuum

147 2606 236 2669 'velut
259 2617 365 2669 teotm
392 2605 528 2667 maxime
559 2616 678 2668 teneat.
720 2605 784 2667 Sed
810 2626 884 2665 cum
905 2605 939 2665 iu
962 2605 1050 2667 omui
1074 2616 1141 2667 stu·

105 2758 107 2781 ,
149 2711 271 2775 diorum
290 2735 427 2797 genere,
451 2722 520 2773 turn
540 2713 573 2774 in
595 2712 659 2774 hoc
676 2711 850 2795 praecipue
867 2712 953 2772 bona
972 2711 1137 2791 valetudo,
1231 2751 1232 2754 =

150 2842 294 2905 quaeque
314 2842 385 2884 eum
407 2822 544 2884 maxime
566 2829 730 2905 praestat,
759 2819 930 2902 frugalitas
956 2821 1139 2883 necessarie

151 2939 211 2991 eet:
244 2952 319 2993 eum
341 2939 485 3013 tempora
511 2931 550 2993 ab
577 2930 647 3012 ipsa
668 2950 777 2991 rerum
799 2939 913 2997 natura
932 2929 972 2992 ad
994 2930 1138 3011 quietem

131 3037 418 3119 'refectionemque
451 3038 545 3099 uobis
574 3037 670 3113 data,
709 3037 744 3099 in
774 3038 967 3099 acerrimum
993 3037 1137 3101 laborem

151 3146 372 3207 convertimus.
424 3147 485 3208 Cui
511 3155 618 3210 tamen
648 3167 715 3208 uon
738 3145 815 3228 plus
843 3145 1050 3228 irrogandum
1075 3154 1136 3221 eet,

105 3252 113 3313 t'
151 3272 241 3336 quam
270 3255 497 3337 quod-rumno
525 3254 708 3339 supererit,
739 3251 829 3314 haud
854 3253 976 3321 deerit..
1018 3255 1136 3319 Obstat

105 3336 115 3421 ⁶.
151 3360 228 3423 euim
245 3361 435 3445 diligentiae
451 3363 615 3425 scribendi
636 3362 733 3424 etiam
749 3360 910 3444 fatigatio:
934 3372 975 3425 et
993 3360 1133 3438 abunde,

149 3465 176 3555 pi
191 3480 305 3546 iacet,
326 3471 411 3533 lucie
426 3472 530 3556 spatia
550 3469 735 3534 sufficiunt:
758 3477 935 3551 occupatus
953 3469 986 3529 iu
1003 3479 1133 3531 noctem

138 3578 317 3639 necessitas
344 3558 421 3663 agit.
469 3582 530 3642 Est
553 3589 661 3642 tamen
691 3577 899 3655 lucubratio,
934 3577 1063 3659 quoties
1092 3574 1133 3637 ad

148 3702 210 3746 earn
242 3686 362 3769 integri
391 3709 429 3749 ac
464 3688 578 3752 refecti
610 3687 784 3766 venimus,
822 3685 982 3770 optimum
1014 3683 1133 3748 secreti

149 3813 249 3874 genus.

147 3927 487 3949 ——a—d-m—
546 3934 558 3943 ··
621 3930 625 3937 ¹

180 4024 205 4097 ¹)
227 4029 268 4080 De
292 4027 345 4081 hac
364 4029 554 4085 Demostheni·
576 4027 769 4086 exercitatione
790 4025 844 4084 rid.
861 4024 1002 4080 Plutarch.
1026 4028 1054 4078 in
1076 4026 1131 4081 rita

222 4123 399 4177 Demostheni.
