2610 4800
600 460 684 540 555

133 746 136 754 Δ
176 678 231 723 rste.
251 696 289 713 -ι-
310 692 353 711 ··-
394 661 575 723 Commune
599 672 706 724 autem
726 671 937 746 praeceptum
957 658 1021 725 hoc
1046 663 1143 728 datur

131 784 134 791 ·
176 766 497 847 denumerationem,
523 780 558 831 ut
579 792 616 831 ex
633 792 830 854 unaquaque
847 773 1141 853 argumentatione,

163 878 300 959 ¹quoniam
321 889 390 941 tota
417 878 535 941 iterum
567 877 632 939 dici
661 901 725 939 non
753 889 882 961 potest,
923 878 956 939 id
984 879 1142 962 eligatur,

171 986 236 1067 quod
254 987 316 1048 crit
337 987 580 1069 gravissimum,
614 996 646 1049 ct
664 987 925 1070 unumquodque
953 1010 1048 1070 quam
1069 988 1144 1048 bre·

169 1092 279 1155 tissime
297 1100 503 1172 transeatur,
536 1107 573 1157 ut
591 1095 763 1172 memoria,
799 1117 862 1155 non
887 1096 1012 1171 oratio,
1046 1117 1145 1157 reno·

165 1210 222 1261 tata
240 1203 400 1265 videatur.
422 1236 462 1250 ·-·
486 1238 523 1251 ——
545 1239 587 1250 -
635 1204 818 1285 Indignatio
848 1214 898 1264 est
925 1204 1053 1278 oratio,
1086 1227 1145 1288 per

161 1330 245 1393 guam
275 1310 473 1387 conficitur,
504 1323 542 1373 ut
566 1311 599 1372 in
627 1312 767 1394 aliquem
799 1312 963 1372 bominem
992 1334 1144 1392 inagnum

157 1422 277 1498 odium,
299 1422 407 1483 autin
427 1444 495 1483 rem
514 1423 618 1507 gravis
636 1421 772 1483 offensio
787 1414 983 1483 concitetur.
1027 1424 1060 1481 ln
1080 1421 1143 1483 hoc

154 1552 264 1615 genere
283 1529 367 1591 illud
387 1532 527 1613 primum
547 1531 685 1613 intelligi
708 1531 877 1606 volumus,
919 1551 1009 1613 posse
1038 1530 1145 1589 omni-

149 1638 205 1703 bus
227 1659 268 1701 ex
285 1639 367 1700 locis
387 1638 449 1715 iis,
481 1660 564 1721 quos
590 1639 622 1698 in
643 1637 860 1698 confirmandi
880 1636 1064 1719 praeceptis
1085 1659 1144 1719 po·

149 1748 291 1821 suimus,
320 1745 453 1807 tracturi
480 1746 758 1827 indignationem,
801 1768 874 1804 nam
895 1766 933 1806 ex
961 1744 1001 1805 iis
1026 1747 1142 1821 rebus,

148 1876 228 1939 quae
248 1853 397 1938 personis
416 1862 515 1935 atque
532 1855 669 1936 negotiis
686 1854 861 1914 attributae
881 1832 977 1927 sunt,
1009 1853 1144 1935 quaevis

146 1961 415 2046 amplificationes
444 1972 478 2023 et
503 1962 746 2044 indignationes
776 1962 865 2034 nasci
893 1974 1047 2044 possunt:
1087 1959 1144 2021 sed

144 2078 254 2131 tamen
280 2090 337 2147 ea,
371 2091 455 2151 quae
483 2069 655 2152 separatim
679 2069 720 2130 de
749 2068 971 2151 indignatione
1001 2065 1144 2151 praecipi

144 2189 304 2263 possunt,
343 2177 598 2238 consideremus.
649 2177 776 2239 Primus
804 2178 896 2238 locus
932 2176 1074 2236 sumitur
1105 2175 1145 2233 ah

145 2287 348 2357 actoritate,
371 2306 471 2367 quum
491 2306 793 2361 commemoramus,
818 2296 960 2366 quantae
977 2304 1074 2344 curae
1094 2302 1144 2342 res

147 2416 181 2459 ea
204 2394 307 2456 suerit
334 2403 390 2454 aut
415 2394 485 2453 Diis
511 2393 772 2469 immortalibus,
816 2403 872 2452 aut
903 2393 970 2468 eis,
1006 2413 1146 2473 quorum

147 2503 322 2567 auctoritas
339 2502 526 2585 gravissima
545 2502 659 2562 debeat
676 2523 753 2562 esse.
798 2503 863 2580 Qui
883 2501 975 2562 locus
997 2484 1146 2561 sumetur

149 2610 369 2689 exsortibus,
393 2632 432 2671 ex
449 2610 611 2684 oraculis,
634 2610 777 2685 vatibus,
800 2610 951 2684 ostentis,
975 2592 1143 2689 prodigiis,

149 2717 331 2802 responsis,
356 2730 388 2780 et
413 2718 574 2779 similibus
593 2718 713 2794 rebus,
738 2716 814 2778 item
833 2738 870 2776 ex
890 2714 1065 2797 majoribus
1084 2736 1145 2774 no·
1205 2758 1209 2769 ,

151 2828 242 2905 stris,
274 2826 424 2909 regibus,
457 2825 664 2901 civitatibus,
695 2825 867 2908 gentibus,
890 2823 1141 2883 hominibua'sa·

152 2934 379 3017 pientissimis,
422 2946 558 3011 senatu,
596 2933 737 3016 populo,
777 2932 885 3014 legum
919 2930 1143 3012 scriptoribus.

152 3043 314 3107 Secundus
329 3043 508 3117 locus'est‚
541 3063 600 3124 per
618 3063 737 3124 quem,
768 3039 821 3099 illa
842 3061 894 3099 res
910 3039 948 3098 ad
969 3059 1051 3119 quos
1069 3059 1145 3119 per-

154 3151 270 3228 tineat,
294 3172 369 3210 cum
384 3127 649 3231 amplificatione,
672 3172 731 3233 per
750 3149 1011 3229 indignationem,
1033 3153 1144 3204 osten-

154 3254 253 3335 ditur,
286 3256 549 3333 an'adornneis,
584 3279 624 3318 an
644 3256 683 3316 ad
703 3257 854 3338 majorem
875 3264 1016 3336 partem,
1054 3249 1143 3334 quod

155 3364 387 3427 atrocissimum
404 3375 471 3426 est:
505 3387 544 3423 an
566 3363 605 3423 atl
626 3363 832 3444 superiores,
866 3361 981 3442 quales
1001 3359 1142 3436 santii,

154 3494 287 3556 qnorum
303 3475 558 3535 auctotoritate
577 3471 758 3554 indignatio
780 3470 939 3545 sumitur,
978 3468 1066 3551 quod
1091 3466 1144 3527 in&

153 3579 372 3665 dignissimum
388 3593 452 3643 est:
485 3604 526 3642 an
547 3581 586 3641 ad
603 3581 709 3664 parcis
729 3579 858 3656 animo,
886 3580 1038 3653 fortuna,
1067 3598 1143 3638 cor·

152 3694 251 3771 pore,
264 3690 353 3775 quod
369 3690 613 3772 iniquissimum
632 3697 696 3749 est:
721 3709 760 3747 an
778 3688 816 3747 ad
836 3684 1026 3762 inferiores,
1051 3683 1142 3765 quod

154 3800 412 3882 superbissimum
432 3808 490 3860 est.
518 3798 649 3860 Tertius
665 3796 757 3856 locus
773 3805 833 3870 cst,
859 3817 916 3877 per
929 3803 1142 3876 quemquee-

154 3903 265 3984 rimus,
304 3906 461 3990 quidnam
487 3906 529 3965 sit
557 3897 755 3976 creaturam,
790 3904 816 3963 si
840 3902 1067 3964 idem'caeteri
1092 3903 1141 3961 fa-

158 4011 252 4077 ciant:
284 4024 316 4076 et
338 4014 434 4075 simul
456 4012 677 4088 ostendimus,
707 4010 785 4073 huic
805 4011 832 4070 si
856 4020 1050 4072 concessum
1073 4010 1138 4088 sit,

159 4122 264 4186 uultus
293 4124 439 4188 aemulos
461 4120 606 4205 ejusdem
625 4119 783 4184 audaciae
799 4120 952 4182 iuturuss
988 4141 1026 4184 ox
1050 4138 1137 4204 quo,
