2610 4800
463 422 473 439 ’
589 401 669 478 521

196 596 229 661 C.
249 596 289 661 F.
329 595 440 660 liabeo
461 576 553 661 ieter!
575 619 665 665 nunc
690 620 746 678 eu,
778 620 1002 684 quaequam,
1030 602 1127 687 quale

148 702 182 766 tit
196 705 384 789 quippiam,
416 704 641 788 disceptatur,
674 710 787 790 quaeri
815 729 853 769 ex
877 719 1017 791 utraque
1034 723 1128 792 purte

146 809 249 881 deceat
265 812 363 875 velim
376 811 498 875 audire.
542 814 576 875 C.
591 815 626 875 P.
647 815 854 878 Confitentur
867 816 901 875 in
918 817 982 876 isto
999 837 1128 898 genere,

150 920 194 1002 qui
208 929 411 1003 arguuntur,
433 942 468 983 ee
482 920 515 982 id
530 922 648 985 fecisse
664 922 791 1007 ipsum,
814 924 848 983 in
866 945 932 1006 quo
952 924 1135 1013 reprehen-¹

149 1026 278 1103 duntur3
311 1027 369 1090 red
388 1004 553 1111 ¹quonium
579 1026 650 1112 jure
679 1031 852 1093 refecisse
880 1031 1016 1107 dicunt,
1046 1029 1128 1114 juris

138 1137 305 1199 tuomum
325 1136 408 1198 rutio
432 1136 524 1198 nobie
546 1138 746 1220 explicanda.
789 1137 885 1217 Quod
912 1137 1072 1200 diridilur
1094 1140 1127 1201 iu

146 1234 213 1307 duis
227 1252 338 1330 purten
355 1244 493 1327 primun,
526 1254 675 1307 naturum
693 1255 725 1308 et
739 1245 861 1328 legem
895 1258 927 1309 et
952 1248 1129 1330 utriusque

143 1353 259 1437 merie
276 1352 324 1415 vic
346 1352 380 1413 in
398 1351 547 1413 divinum
560 1361 593 1414 et
609 1352 786 1413 humanum
803 1353 853 1437 jus
867 1363 916 1416 eut
932 1353 1125 1429 distribute;

142 1480 275 1545 quorum
308 1459 483 1543 nequitatir
520 1472 571 1522 eet
605 1465 730 1537 unum,
775 1461 913 1554 alterum
950 1461 1129 1544 religionis.

137 1566 317 1652 inquitatis
337 1577 445 1630 entem
463 1567 512 1629 vie
533 1576 583 1630 eet
597 1567 737 1650 duplex,
770 1565 862 1651 cujun
886 1567 987 1631 alteru
1008 1568 1126 1631 directi

138 1676 171 1741 et'
181 1676 249 1739 veri
269 1685 301 1739 et
318 1672 396 1759 justi
416 1686 469 1754 et,
498 1686 534 1738 ut
553 1674 698 1750 dicitur,
731 1676 827 1759 aequi
849 1687 881 1738 et
901 1675 980 1739 boni
1001 1677 1127 1739 ratione

138 1780 337 1858 deieuditnm
371 1782 471 1845 altere
499 1781 540 1843 ed
563 1782 824 1845 vicissitudinem
844 1783 1032 1846 referendae
1055 1805 1128 1866 gru-

137 1890 197 1957 ttae
223 1890 383 1975 pertinet:
419 1889 509 1975 quod
538 1889 573 1951 in
598 1889 758 1953 beneficio
781 1872 906 1974 gretie,
941 1891 975 1952 in
1007 1888 1127 1973 injurie

137 1996 215 2062 ultio
232 1998 428 2071 nominetur.
471 1997 579 2082 Atque
596 1998 676 2060 haec
693 1999 878 2059 communie
895 2011 973 2062 runt
989 2009 1126 2061 naturae

133 2119 231 2193 ‘etque
244 2106 343 2190 legin
366 2105 423 2169 sed
439 2105 570 2191 propriu
585 2104 665 2189 legis
683 2116 715 2168 et
730 2129 778 2185 ea,
800 2128 883 2190 qnae
898 2108 1020 2190 scripta
1038 2117 1127 2181 sunt,

139 2224 239 2295 etet,
262 2214 434 2298 quaeriue
453 2213 558 2277 literis
581 2224 637 2274 aut
657 2214 802 2297 gentium
822 2213 917 2298 jure,
948 2225 1005 2277 eut
1026 2213 1128 2299 mejo-

139 2341 204 2387 mu
230 2344 321 2387 more
349 2322 543 2386 retinentur.
591 2323 797 2405 Scriptorum
823 2335 931 2386 autem
963 2322 1127 2406 privatum

139 2427 219 2492 iliud
234 2439 304 2506 est,
333 2429 500 2512 publicum
520 2428 627 2506 eliud,
662 2430 855 2509 Publiceni,
886 2430 957 2510 lex,
992 2440 1125 2492 uenatus

141 2538 330 2616 consultum,
346 2537 485 2619 ⁸focdno;
516 2537 692 2621 privatum,
715 2537 856 2615 tabulae,
878 2548 1021 2622 pactum,
1043 2560 1126 2599 con·

141 2654 283 2724 rentum,
314 2645 492 2729 stipulatio.
535 2636 626 2725 Quae
653 2655 760 2706 autem
789 2646 910 2727 scripte
937 2667 1002 2708 non
1028 2657 1123 2724 sunt,

141 2771 168 2813 et
183 2762 241 2816 eut
257 2753 508 2832 cousuetudine,
532 2763 588 2813 unt
603 2752 775 2815 conventis
793 2751 961 2813 hominum
978 2761 1011 2814 et
1028 2753 1124 2836 quasi

142 2878 294 2925 coueeueu
314 2861 514 2947 obtinentur.
554 2865 666 2943 Atque
689 2861 787 2922 etium
805 2859 867 2921 hoc
890 2859 1056 2942 inprimis,
1084 2869 1123 2920 ut

140 2958 259 3030 nostroe
276 2988 381 3029 ruoree
403 2967 556 3050 legesque
576 2979 744 3044 tueamur,
770 2967 1007 3049 quodammodo
1026 2977 1123 3030 untu-

139 3075 184 3145 nli
197 3073 270 3164 jure
284 3071 519 3157 proeteriptum
535 3086 594 3138 eet.
632 3076 674 3135 Et
693 3073 849 3156 quonium
860 3075 1003 3136 breviter
1019 3074 1121 3158 aperti

137 3180 234 3245 fontes
262 3191 339 3242 eunt
357 3181 449 3264 queri
470 3181 602 3264 quidam
621 3181 814 3264 aequitatis,
849 3181 1001 3244 medinta
1026 3181 1119 3243 nohis

136 3291 167 3352 td
193 3290 260 3352 hoe
290 3311 460 3351 causarum
481 3311 581 3371 genui
605 3308 674 3350 esee
696 3288 860 3350 debebunt
878 3310 1048 3371 eu,„quue
1069 3288 1121 3348 di-

133 3396 230 3462 cenda
256 3405 354 3469 erunt
380 3397 414 3457 in
444 3396 645 3472 orationibus
679 3379 879 3476 denatura,
910 3396 950 3459 de
971 3397 1118 3479 legibue,

131 3498 274 3570 demere
293 3501 470 3589 majorum,
493 3503 532 3566 de
551 3502 768 3587 propulsanda
791 3500 907 3587 injuria
918 3549 927 3582 ,
960 3503 999 3565 de
1018 3503 1120 3566 ulcis-

131 3612 251 3693 tende,
273 3612 315 3676 de
329 3613 417 3673 omni
437 3593 526 3695 porte
541 3610 631 3695 juris.
673 3611 706 3671 si
724 3611 963 3695 imprudenter,
987 3621 1042 3671 eut
1061 3633 1119 3673 ne-

131 3720 299 3801 cessituse,
321 3733 379 3783 aut
396 3742 474 3782 curu
496 3709 818 3803 quippiamfecerit,
842 3720 930 3800 quod
950 3741 1014 3779 non
1036 3740 1119 3780 con·

131 3828 299 3890 cederetur
316 3828 375 3905 iis,
410 3827 467 3910 qui
486 3851 543 3888 sua
562 3838 677 3911 sponte
695 3836 727 3889 et
750 3826 920 3889 voluntate
938 3826 1117 3900 fecissent;

131 3933 250 4020 tdejue¹
270 3935 350 3998 sacti
368 3935 640 4020 deprecationem,
664 3935 853 4016 ignoscendi
868 3935 1006 4016 petendu
1021 3935 1117 3995 venia

131 4052 193 4121 ut,
215 4029 301 4129 quae
319 4055 466 4105 sumetur
485 4065 524 4104 ex
539 4033 706 4125 plerisque
726 4042 807 4102 locis
825 4041 1009 4124 aequitatis.
1052 4043 1117 4101 Ex-

880 4159 942 4215 21>
