2610 4800
669 394 784 510 ⁴ao

248 642 353 702 'Ecca
387 634 416 694 δ’
444 633 528 719 ἀρχὴ
563 634 621 709 τῆς
658 630 772 708 λέξεως
811 631 853 694 τὸ
877 629 1105 706 filil-avignon
1160 628 1270 710 libid.

259 768 288 809 ⁰·
306 746 354 824 5.)
374 743 412 824 *l
438 778 476 792 ···
500 777 542 792 ··
563 777 605 790 ··

698 959 722 1038 S·
766 960 816 1025 17.

548 1115 750 1185 Quintilianus.
784 1112 868 1186 (lust.
887 1109 973 1184 orat.)

332 1276 494 1362 (Igitur),
536 1297 636 1358 quam
669 1275 787 1338 Graeci
816 1276 944 1359 φράσιν
971 1281 1126 1348 vocant„
1153 1272 1272 1337 Latini

263 1385 402 1449 dicimus
436 1385 652 1448 elocutionem.
714 1382 757 1462 (l.
789 1384 877 1446 VIII.
912 1405 939 1444 c.
975 1383 1017 1457 r.)
1048 1379 1102 1457 **).
1141 1400 1194 1429 -·
1234 1417 1275 1432 -

262 1495 385 1580 Eloqui
401 1494 470 1566 hoc,
485 1501 552 1572 est,
576 1491 703 1570 omnia,
727 1512 810 1577 quae
826 1501 935 1554 monte
952 1488 1165 1571 conceperis,
1195 1512 1275 1574 pro-

262 1625 351 1667 mere
369 1613 469 1686 atque
490 1598 531 1662 ad
548 1600 718 1675 audientes
737 1600 902 1685 perferre,
926 1595 998 1658 sine
1020 1617 1085 1678 quo
1106 1617 1277 1679 superva-

262 1734 325 1795 cua
348 1721 427 1774 suut
446 1710 563 1794 prIora
592 1709 742 1789 (videlic.
769 1707 917 1771 inventio
947 1717 980 1768 et
1005 1688 1210 1788 dispositio)
1247 1717 1277 1772 et

263 1818 383 1887 similia
400 1817 507 1900 gladio
526 1816 660 1878 condito
679 1825 779 1900 atque
801 1815 887 1877 intra
908 1813 1058 1895 vaginam
1076 1824 1178 1873 suam*
1193 1814 1276 1878 hae-

262 1926 351 1990 renti
369 1926 441 2004 Μ).
482 1925 552 1999 Hoc
573 1924 687 2008 itaque
708 1922 845 1986 maxime
869 1920 1026 1994 docetur5
1056 1918 1119 1983 hoc
1152 1923 1274 1985 nullut

268 2082 622 2103 Μ

251 2211 261 2218 ”
297 2204 324 2276 *)
348 2203 396 2263 Τὸ
414 2202 596 2273 Ἑλληνίζειν
614 2203 749 2274 significat
768 2221 858 2276 «pure
877 2211 905 2257 et
922 2212 997 2258 recte
1014 2202 1124 2275 loqui.»

287 2297 328 2370 **)
351 2299 522 2353 Monendum
546 2299 673 2365 videtur,
700 2296 883 2387 Quintiliani,
912 2316 965 2353 nec
987 2317 1043 2351 non
1066 2296 1214 2351 Ciceronis
1242 2295 1274 2351 de

351 2395 509 2450 elocutione
526 2404 689 2469 praecepta,
714 2395 835 2465 inprimis
856 2394 892 2447 ad
910 2395 1096 2449 elocutionem
1114 2398 1273 2461 oratorian

351 2489 463 2555 referri,
490 2489 581 2544 valere
600 2497 693 2541 autem
711 2506 740 2543 re
758 2506 838 2553 vera,
866 2497 897 2540 ut
916 2479 1121 2560 proponuntur,
1148 2488 1272 2560 (omissis

352 2584 460 2638 seilicet
478 2581 655 2652 omittendis)
673 2582 708 2634 de
728 2582 886 2636 elocutione
904 2583 934 2634 in
953 2600 1058 2651 genere.
1084 2590 1087 2595 '
1214 2587 1217 2591 '

274 2674 327 2748 m)
350 2681 457 2732 Auctor
474 2677 514 2731 ad
529 2678 701 2731 Herennium
725 2677 910 2731 elocutionem
934 2680 973 2731 ita
993 2677 1105 2730 definit:
1139 2677 1270 2734 Elocutio

354 2783 395 2828 est
413 2773 576 2827 idoneorum
594 2770 738 2825 verborum
758 2781 786 2826 et
803 2775 1000 2827 sententiarum
1027 2772 1063 2825 ad
1082 2773 1270 2828 inventionem

352 2867 579 2924 accommodatio.
626 2866 668 2940 (l.
694 2871 715 2921 l.
745 2883 769 2922 c.
795 2867 845 2940 a.)
877 2900 909 2911 —-
960 2870 1004 2922 De
1035 2867 1147 2936 singulis
1183 2869 1268 2923 verbis

351 2963 437 3029 haec,
458 2980 542 3036 quam
559 2960 731 3029 brevissima,
750 2964 824 3033 legas
841 2964 918 3035 apud
938 2965 1064 3014 Ciceron.
1099 2962 1160 3034 (De
1180 2965 1268 3036 partit.

250 3102 260 3123 ,
353 3068 421 3113 orat
454 3074 478 3111 c.
504 3057 536 3110 V.
570 3053 605 3129 §§·
635 3059 666 3112 16
690 3070 719 3113 et
747 3058 826 3129 17.):
865 3057 955 3110 Prima
982 3057 1021 3108 via
1048 3067 1089 3110 est
1113 3056 1142 3109 iu
1168 3058 1269 3131 simpli·

354 3153 434 3208 cibus
450 3152 555 3221 verbim
576 3153 773 3222 inconjunctis
792 3150 925 3205 sectanda.
953 3152 1092 3223 Simplicia
1107 3151 1268 3207 inuenienda

354 3257 436 3316 sunt3
463 3250 612 3319 conjuncta
638 3246 811 3301 collocanda.
847 3245 883 3298 Et
907 3246 1039 3318 simplicia
1064 3245 1146 3301 verba
1174 3248 1268 3319 partim

353 3343 448 3398 nativa
465 3353 546 3406 sunt,
572 3341 671 3414 partim
689 3349 803 3411 roperta.
838 3340 936 3394 Nativa
955 3360 1002 3406 ea,
1029 3359 1101 3414 quae
1119 3340 1268 3411 significata

257 3460 261 3469 ·
354 3445 421 3493 sunt
445 3453 542 3504 sensu3
572 3446 696 3508 reperta,
726 3453 797 3508 quae
822 3454 856 3490 ex
880 3436 921 3490 his
947 3437 1018 3490 sacta
1039 3447 1105 3491 sunt
1123 3446 1151 3490 et
1169 3418 1269 3507 novata

354 3544 404 3589 aut
421 3531 603 3586 similitudine
620 3541 670 3583 aut
686 3531 839 3585 imitatione
859 3542 907 3585 aut
922 3533 1071 3586 inflexione
1090 3543 1139 3586 aut
1154 3534 1269 3602 adjunc-

356 3628 433 3683 tione
451 3626 603 3682 verborum.
638 3625 729 3698 Atque
753 3627 845 3680 etiam.
861 3636 901 3681 est
919 3627 987 3680 haec
1006 3628 1145 3681 distinctio
1164 3629 1194 3681 in
1213 3647 1270 3684 ver·

355 3721 413 3791 bis3
439 3724 525 3776 altera
550 3731 667 3786 natura,
692 3722 856 3776 tractatione
880 3723 973 3778 altera.
1009 3723 1139 3785 Natura,
1166 3733 1200 3778 nt
1218 3728 1272 3779 sint

356 3815 411 3868 alia
428 3819 600 3882 sonantiora,
627 3816 786 3884 grandiora,
818 3808 920 3872 leviora
939 3827 968 3872 et
985 3817 1187 3890 quodammodo
1207 3820 1272 3874 niti-

356 3911 448 3978 diora,
468 3904 522 3966 alia
540 3922 650 3980 contra3
676 3915 847 3968 tractatione
866 3923 974 3978 autem,
994 3931 1080 3986 quum
1099 3925 1147 3967 aut
1164 3917 1273 3987 propria

357 4015 503 4060 sumuntur
527 4025 617 4061 rerum
640 4007 793 4074 voeabula,
827 4018 877 4063 aut
900 4008 995 4063 addita
1019 4008 1190 4081 adnomen,
1224 4019 1273 4065 aut

357 4117 445 4168 nora,
477 4113 528 4158 eut
551 4104 657 4178 prisca,
693 4112 742 4159 aut
765 4103 800 4158 ab
822 4113 928 4160 oratore
950 4102 1107 4178 modificata
1125 4113 1154 4159 et
1170 4105 1293 4161 iuflexu-
