2610 4800
589 430 685 518 ,156
723 452 727 459 ·

146 639 225 691 sunt
245 639 327 691 tres:
357 627 481 709 imago,
512 629 662 703 collatio,
690 628 869 712 exemplam
885 628 924 704 Ἴ.
967 629 1082 715 Imago
1101 640 1145 697 est

145 737 250 798 oratio
269 736 495 798 demonstrans
516 742 689 820 corporum
709 746 766 798 ant
782 747 976 800 naturarum
996 738 1154 803 similitu.

146 843 275 917 ‹liucin3
299 844 433 906 collatio
453 854 502 905 est
515 845 618 904 oratio
634 867 704 906 rem
724 866 800 906 cum
821 867 857 907 rc
875 867 914 906 ex
930 845 1146 910 similitudine

148 930 342 1026 conferens}
373 951 554 1036 exemplum
571 960 631 1028 est,
654 951 742 1035 quod
760 972 829 1015 rem
847 952 1072 1034 auctoritate,
1096 962 1147 1016 sul

148 1081 226 1121 casu
240 1058 546 1146 alicujushomiuis,
566 1069 624 1122 aut
644 1058 766 1143 negotii
788 1059 962 1125 confirmat
983 1070 1041 1124 eut
1060 1061 1146 1125 intir-
1181 1120 1184 1125 .

147 1179 225 1231 mat.

388 1361 508 1426 Quintil.
548 1362 633 1432 (Inst.
657 1359 916 1432 or.l.V.c.1t.)
965 1354 976 1369 “

209 1485 359 1548 Tertium
380 1484 481 1569 genus
506 1508 544 1548 ex
563 1486 622 1563 iis,
647 1507 729 1568 quae
752 1486 955 1548 extrinsecus
978 1485 1146 1550 adducun-

148 1601 203 1654 tur
228 1594 282 1671 (in
311 1594 482 1674 causam),
519 1593 634 1656 Gracci
661 1605 781 1656 vocant
804 1595 1042 1678 παράδειγμας
1084 1616 1145 1679 quo
1185 1670 1187 1675 Ι

147 1703 280 1765 nomine
301 1714 334 1766 et
354 1702 621 1787 generaliter-usi
645 1712 724 1763 sunt
745 1703 778 1762 in
805 1701 893 1762 omni
914 1701 1075 1765 similium
1095 1725 1147 1787 ap-

57 1824 60 1833 ’
145 1810 310 1894 positione
334 1822 367 1874 et
390 1811 577 1895 specialiter
601 1810 634 1870 in
657 1809 715 1885 iis,
750 1831 834 1892 quae
854 1830 962 1870 rerum
984 1821 1147 1892 gesturum

147 1917 342 1997 auctoritate
362 1918 525 2004 nitimtur,
564 1918 674 1978 Nostri
692 1920 760 1978 fere
776 1915 1018 1977 similitudinem
1032 1939 1147 1980 vocare

146 2025 351 2103 maluerunt,
376 2026 465 2108 quod
485 2028 523 2088 ab
543 2027 615 2085 aliis
633 2008 805 2110 παραβολὴ
825 2024 965 2096 (licitum
991 2024 1055 2086 hoc
1075 2026 1148 2086 slte-
1183 2000 1187 2009 Ι

145 2153 220 2194 rum
242 2135 436 2219 excerptum.-
458 2156 656 2217 quamquam
673 2145 704 2194 et
721 2133 783 2193 hoc
801 2131 909 2193 simile
925 2141 991 2209 est,
1016 2142 1050 2194 et
1067 2130 1147 2194 illut

148 2242 340 2322 exemplum.
383 2243 459 2318 Nos,
485 2263 549 2323 quo
564 2240 695 2301 facilius
711 2241 914 2323 propositum
932 2240 1146 2323 explicemus,

148 2359 328 2431 utrumque
346 2351 561 2436 nepotisque
578 2371 649 2411 esse
668 2338 858 2426 eredimus,
880 2360 912 2410 et
930 2346 993 2431 ipsi
1011 2348 1150 2432 appelle·

233 2557 420 2624 magistratus,
455 2557 626 2626 intelligere,
659 2575 689 2611 se
718 2574 816 2625 gerere
841 2570 983 2626 personam
1010 2551 1148 2618 civitatis,

136 2725 139 2732 Ι
233 2652 391 2725 debereque
415 2655 473 2719 eius
500 2653 660 2720 dignitatem
685 2662 713 2705 ct
740 2653 825 2704 decus
855 2651 1007 2712 sustinere,
1044 2664 1150 2701 servare

202 2747 325 2831 ,legcs‚
349 2768 409 2817 lura
424 2749 593 2813 describere
615 2767 647 2802 ea
660 2749 725 2800 fider
744 2765 809 2800 suae
828 2762 969 2798 commissa
985 2759 1149 2797 memrnrsse.

234 2849 371 2902 Privatum
395 2855 486 2898 autern
510 2854 617 2916 oportet
642 2861 731 2915 aequo
754 2852 781 2895 ct
802 2842 860 2912 pari
883 2856 946 2892 cum
968 2836 1100 2892 civibus
1091 2854 1150 2906 lure

232 2945 340 3007 vivere,
360 2961 451 3015 neque
472 2942 633 2994 submissum
651 2950 679 2993 et
694 2939 851 3005 abjectum,
877 2919 969 3005 risque
985 2951 1014 2987 se
1038 2936 1151 2986 efferen-

232 3047 304 3093 tem:
331 3048 407 3103 tuus,
435 3039 464 3089 in
486 3036 629 3106 republica
658 3053 690 3088 ea
720 3033 809 3095 velle,
839 3048 910 3102 quae
939 3018 1090 3099 tran'quilla
1123 3035 1152 3080 et

153 3114 156 3120 ¹
231 3133 348 3187 honesta
376 3116 437 3187 sitit.
472 3126 578 3184 'Talem
602 3131 674 3182 eninr
704 3139 733 3180 ct
755 3127 855 3180 sentire
880 3125 983 3177 bonum
1010 3122 1100 3176 civem
1124 3128 1152 3175 et

232 3228 324 3282 dicere
348 3228 473 3279 solemus.
511 3226 646 3292 Peregrini
673 3234 765 3276 autern
790 3230 874 3292 atque
899 3218 1008 3271 incolae
1030 3216 1152 3270 officium

235 3334 291 3386 cst,
320 3323 389 3375 nihil
409 3332 516 3392 praeter
535 3339 615 3372 suurn
637 3320 776 3385 negotium
794 3334 889 3383 agcrc,
902 3312 986 3366 -uibil
1001 3312 1036 3366 dc
1059 3314 1152 3365 aliene

232 3420 396 3490 anquirere,
424 3417 590 3487 minimeque
612 3415 641 3465 in
660 3410 748 3467 alieni
769 3429 828 3465 csse
844 3408 987 3480 republica
1003 3410 1151 3460 curiosum,

233 3512 277 3565 lta
292 3514 347 3566 fere
362 3510 450 3563 ollicia
463 3511 649 3581 reperientur,
670 3527 755 3580 quum
770 3515 934 3581 quaeretur,
955 3503 1022 3575 quid
1038 3503 1151 3567 deceat,

233 3616 262 3659 et
282 3608 350 3679 quid
368 3617 462 3678 aptum
483 3607 518 3657 sit.
533 3603 667 3675 personis,
688 3601 872 3673 temporibus,
891 3597 1037 3650 aetatibus.
1075 3595 1154 3650 Nihil

235 3709 277 3752 est
296 3711 405 3765 autent,
434 3699 509 3773 quod
530 3708 586 3751 tam
610 3698 725 3759 deccat,
753 3712 834 3765 quam
850 3693 967 3746 inomni
984 3710 1012 3745 re
1030 3680 1155 3759 gerenda

235 3795 406 3867 consilioque
424 3795 558 3866 capiendo
573 3810 677 3847 servare
695 3790 876 3869 constantiam
1167 3770 1175 3779 ’

182 3887 208 3961 ')
233 3890 275 3941 Dc
290 3891 415 3961 exemplo
428 3891 563 3943 videndus
578 3890 659 3942 etiam
673 3885 843 3938 Aristoteles.
874 3882 964 3954 (nter.
981 3883 1019 3936 ΙΙ.
1035 3895 1058 3934 c.
1078 3877 1151 3949 no),

234 3981 337 4034 licet'
330 4000 359 4035 ιιι
391 3983 554 4055 explicanda
581 3975 700 4052 exempli
730 3982 828 4028 nature
856 3973 978 4045 iupsiniis
1012 3977 1153 4025 oratorem

234 4073 369 4147 respiciat
