2610 4800
493 420 496 426 ’
599 404 684 480 554

94 574 105 597 ⁸
152 643 169 663 .·
206 603 253 673 Ne
270 601 334 665 hoc
352 560 486 684 quidem
504 598 703 689 simpliciter·
715 599 963 684 accipiendum,
986 599 1143 684 quotient

43 766 45 772 ,
145 733 164 774 u
192 734 242 773 me
271 711 434 794 positum,
468 731 703 790 supervacuum
735 729 806 770 esse
832 708 1055 772 narrationem
1080 709 1144 787 rei,

95 818 97 833 '
147 842 244 904 quam
262 817 358 902 judex
377 818 505 879 noverit
516 843 524 890 ;
565 816 990 899 quodsioiutelligivolo,
1025 815 1053 877 si
1082 838 1144 879 nou

146 927 259 1001 modo,
283 930 405 997 tectum
428 924 507 1006 q'uid
523 925 583 1000 sit,
605 925 702 989 sciet:
735 923 793 986 sed
814 924 861 984 ita
882 927 1006 986 fectum
1027 925 1145 1002 etism,

28 1093 43 1115 „
147 1045 185 1099 ut
208 1032 300 1094 uobis
321 1031 471 1113 expedit,
503 1020 699 1113 opinabitur.
741 1033 856 1114 Neque
886 1032 973 1092 enim
1001 1033 1146 1094 narratio

149 1141 183 1203 in
200 1139 262 1200 hoc
279 1149 410 1221 reperte
436 1149 504 1213 est,
536 1151 573 1201 ut
599 1151 734 1211 tontum,
746 1135 922 1220 cognoscat
938 1137 1036 1222 judex
1046 1184 1056 1216 ,
1090 1140 1148 1202 sed

148 1249 318 1330 eliquanto
335 1267 457 1329 magis
480 1258 516 1309 ut
535 1248 730 1309 consentiet.
773 1250 905 1325 Quare,
919 1247 1057 1309 etiamsi
1080 1269 1147 1309 nou

149 1357 211 1421 erit
230 1354 416 1430 docendus,
440 1353 497 1416 sed
516 1354 628 1436 aliquo
643 1355 755 1418 modo
756 1346 969 1433 afficiendus,
1000 1357 1150 1417 narrabi-

148 1456 220 1524 inus
235 1485 311 1525 cum
324 1444 571 1545 prosperatione
591 1463 750 1543 quedamz
771 1446 861 1525 Scire
881 1463 1009 1550 quidem
1026 1485 1097 1525 enm
1115 1465 1153 1526 in

148 1593 298 1639 sommam
308 1615 321 1644 ,
354 1569 435 1657 qnid
456 1571 601 1644 occisit,
633 1584 750 1640 tomen
747 1579 905 1632 rationem
929 1593 1055 1658 quoqne
1065 1568 1153 1656 sacti

149 1685 295 1766 onusque
321 1699 504 1762 cognoscere
526 1700 564 1740 ne
587 1692 739 1758 gravetur
781 1680 916 1743 Interim
934 1692 1069 1764 propter
1089 1681 1153 1740 oli-

151 1809 255 1869 quem
265 1788 298 1848 iu
322 1784 498 1849 oonsilinm
516 1785 697 1849 adhibitum
721 1803 780 1850 n'os
799 1800 946 1884 repetere
969 1782 1026 1849 illu
1051 1790 1152 1850 simu·

150 1894 276 1969 lemus;
301 1893 451 1972 interim,
475 1903 512 1957 ut
528 1878 610 1969 rei3
618 1916 701 1977 quae
721 1915 760 1956 ex
777 1895 911 1956 adverso
932 1905 1149 1977 proponatur,

151 2003 359 2086 iniquitatem
394 2022 507 2065 omnes
529 2002 636 2080 etiem
665 2001 915 2064 circumstantes
946 2002 1148 2085 intelligant.

151 2115 188 2176 Iu
207 2132 272 2193 quo
294 2132 411 2193 genere
429 2111 578 2192 plurimis
595 2109 713 2193 liguris*
725 2111 787 2171 erit
801 2110 955 2172 varianda
973 2109 1146 2192 expositio,

151 2220 192 2280 ed
209 2219 428 2302 effugiendum
444 2218 587 2278 medium
605 2231 680 2280 notu
698 2217 882 2306 audientis,
903 2219 1004 2281 sicut:
1017 2258 1020 2263 ·
1032 2221 1149 2282 Memi-

152 2329 230 2390 nisti
235 2355 247 2398 ,·
281 2334 330 2388 et:
351 2306 499 2389 lss'ortasse
516 2326 848 2412 supervacuumsuerit
867 2328 918 2388 tic
941 2327 1152 2389 commorari.-

153 2434 220 2498 Sed
239 2434 319 2521 qnid
341 2455 395 2516 ego
419 2433 561 2507 diutins,
595 2448 742 2521 qnnmtn
767 2436 1023 2520 optinrenorisl
1062 2433 1151 2498 Illud

87 2544 90 2551 ⁴
154 2544 245 2629 quale
264 2545 324 2614 sit,
353 2543 508 2613 tusciam
545 2541 645 2623 ethis
664 2541 790 2602 similia.
834 2542 988 2626 Alioqui,
1018 2540 1149 2626 eiaputl

153 2649 314 2736 judicem,
339 2649 392 2710 cui
411 2661 487 2712 nota
504 2671 599 2709 causa
616 2657 695 2726 est,
711 2648 853 2711 narratio
872 2671 1000 2734 semper
1017 2648 1149 2712 videtur

155 2757 374 2841 supervacuis,
397 2768 506 2848 potest
526 2756 630 2818 videri
647 2777 716 2818 uon
732 2777 860 2840 semper
876 2775 952 2820 esse
963 2757 1062 2821 otium
1078 2757 1148 2842 ipse

155 2865 240 2928 ectio
262 2865 454 2948 necessopia.
935 2931 936 2935 ἵ

170 2975 366 3036 .Alterun1
388 2986 458 3051 est,
492 2967 531 3043 (le
554 2995 620 3056 quo
639 2971 847 3056 frequentius
872 2970 1057 3054 quaeritur:
1096 2977 1148 3033 An

152 3083 196 3145 sit
222 3084 327 3165 ntique
354 3083 495 3144 narratio
523 3076 686 3166 p‘rooemio
717 3066 933 3164 subjicienda;
972 3079 1062 3162 quod
1092 3079 1149 3162 qui

155 3190 352 3273 opinantur,
389 3212 455 3252 uon
477 3202 615 3272 possunt
641 3190 745 3252 videri
773 3189 863 3250 nulla
888 3187 1017 3250 ratione
1046 3187 1148 3250 ducti.

153 3301 233 3360 Nam
258 3319 358 3379 quum
378 3298 581 3380 prooemium
611 3297 736 3359 ideireo
764 3305 984 3378 comparatum
1014 3295 1078 3372 sit,
1112 3303 1149 3356 ut

56 3422 60 3430 ’
153 3404 252 3489 judex
266 3407 305 3467 od
324 3428 393 3466 rem
409 3404 631 3487 accipiendam
655 3407 711 3466 fiet
729 3403 956 3480 concilietior‚
990 3402 1150 3477 docilior,

154 3514 312 3574 intentior
322 3506 337 3587 ¹3.
358 3522 390 3573 et
407 3512 575 3594 probatio,
598 3511 660 3572 nisi
682 3534 778 3574 cause
797 3513 886 3595 prius
905 3512 1054 3593 cognita,
1081 3534 1147 3573 ιιοιι

154 3622 257 3702 possit
288 3621 449 3682 adbiberi:
495 3620 645 3702 proti—nus
680 3617 781 3701 judex'
803 3620 920 3681 notitia
952 3640 1060 3685 rernm
1099 3619 1151 3681 iu-

155 3728 330 3788 struendus
361 3727 498 3788 videtur.
541 3726 603 3789 Sed
632 3727 695 3788 hoc
723 3749 855 3808 quoque
880 3726 1013 3788 interim
1043 3737 1150 3789 mutat

155 3835 299 3896 scinditio
325 3848 514 3906 cerisarurn3
548 3834 611 3917 nisi
629 3837 713 3896 forte
733 3838 774 3895 M.
790 3835 920 3896 Tullius
944 3835 976 3895 in
1001 3835 1149 3896 oratione

154 3942 394 4025 pulcherrima,
437 3965 534 4025 quam
560 3963 617 4025 pro
645 3943 766 4003 Milone
801 3943 955 4024 scriptam
988 3942 1146 4023 reliquit,

155 4050 236 4110 male
256 4047 422 4109 distulisse
441 4051 659 4112 narrationem
679 4050 809 4111 videtur
828 4051 931 4110 trihus
952 4048 1148 4133 praepositis
