2610 4800
608 428 694 574 {75

155 692 298 781 qntdam,
309 692 377 755 ulla
395 693 474 773 erit,
495 701 534 756 ut
553 691 671 759 debeat
689 714 761 757 esse
782 691 960 772 continua,
981 705 1014 759 et
1032 696 1065 758 in
1083 719 1150 760 eos·

155 802 227 868 dem
250 823 378 886 semper
406 801 505 886 pedes
535 800 592 863 ire.
641 802 723 862 Nam
754 812 787 865 et
813 802 1022 865 versificandi
1049 826 1152 887 genus
1233 856 1237 865 .

155 918 220 989 est,
251 932 351 973 uuam
378 910 483 990 legem
516 909 668 972 omnibus
696 909 900 972 sermonibus
932 910 1029 988 dore,
1060 921 1094 973 et
1119 913 1152 972 id

153 1042 226 1085 oum
242 1019 414 1080 manifesta
435 1008 643 1080 affectatione
660 1016 772 1100 (cujus
789 1017 836 1080 rei
852 1019 989 1080 maxime
1006 1020 1153 1081 cavenda

141 1127 297 1212 suspicio
324 1130 390 1204 est)
411 1135 482 1187 tum
506 1125 604 1188 etium
626 1125 841 1188 similitudine
866 1127 1009 1189 taedium
1039 1150 1076 1189 ac
1103 1151 1154 1188 sa-

151 1234 300 1299 tietatem
333 1246 431 1298 creat.
476 1235 616 1316 Quoque
650 1243 699 1294 est
732 1233 884 1309 dulcius,
920 1235 1021 1317 magis
1050 1235 1152 1318 perit,

151 1342 340 1426 amittitque
365 1352 397 1404 et
427 1341 542 1418 fidem,
575 1352 608 1403 et
631 1338 787 1417 affectus,
821 1352 997 1424 motasque
1017 1364 1152 1423 omues,

146 1451 209 1537 qui
229 1461 280 1513 est
304 1449 339 1511 in
361 1449 424 1512 hac
446 1468 523 1511 cura
547 1448 790 1532 deprehensum
826 1471 886 1510 nee
905 1459 1014 1532 potest
1034 1452 1063 1514 ei
1081 1472 1154 1514 ere·

149 1558 247 1635 alere,
282 1568 340 1620 aut
371 1565 506 1640 propter
533 1578 607 1618 eum
634 1555 745 1617 dolere
770 1567 802 1619 et
828 1556 925 1617 irasci
946 1556 1064 1642 judex,
1097 1557 1153 1620 oui

145 1675 243 1754 putat
260 1652 325 1728 hoo
344 1686 470 1727 meare.
517 1663 661 1746 Ideoque
682 1662 814 1724 interim
830 1663 857 1741 *)
879 1663 1038 1746 quaedam
1058 1667 1153 1748 quasi

149 1772 309 1837 solvenda
323 1772 365 1835 de
383 1771 546 1834 industria
567 1780 662 1848 sunt,
686 1770 744 1831 illa
761 1769 892 1853 quidem
912 1773 1043 1832 maximi
1062 1773 1154 1849 labo·
1220 1794 1223 1801 ’

149 1878 214 1961 ris,
249 1903 291 1944 ue
310 1880 455 1943 laborata
478 1879 661 1941 videantur.
704 1876 769 1940 sed
797 1900 905 1961 neque
932 1852 1153 1963 longioribus,

151 2010 249 2076 quam
276 2000 422 2073 oportet,
467 1989 657 2072 hyperbatis
690 1988 922 2071 compositioni
954 1991 1152 2070 serviamus,

151 2114 219 2176 ue,
246 2102 331 2181 qua'e
356 2094 424 2178 ejus
445 2096 547 2179 gratia
565 2096 760 2174 fecerimus,
790 2107 926 2181 propter
943 2119 1012 2160 eam
1033 2096 1152 2161 fecisse

151 2205 327 2269 videamur.
376 2206 421 2267 Et
452 2214 541 2266 certe
570 2203 700 2264 nullum
727 2214 840 2289 aptum
872 2214 972 2289 atque
999 2205 1153 2270 idoneum

150 2313 286 2379 rubum
308 2312 609 2400 praetermittemus
630 2311 734 2395 gratia
760 2311 918 2376 lenitatis.
938 2346 983 2364 -

590 2533 619 2604 §.
662 2531 714 2596 58.

432 2688 539 2742 Cicero.
574 2685 667 2760 (Orat.
687 2703 711 2742 c.
729 2687 761 2740 61
782 2656 879 2760 seqq.)

208 2847 405 2928 Quaesitum
425 2856 498 2925 cst,
531 2848 565 2908 iu
590 2858 706 2910 totoue
729 2846 872 2909 circuitu
896 2847 952 2909 illo
972 2848 1151 2930 orationis,

151 2979 250 3045 quem
267 2957 577 3040 Graecinepiooor,
610 2977 670 3019 nos
692 2967 762 3018 tum
782 2955 960 3033 ambitum,
994 2968 1065 3019 tum
1085 2957 1151 3017 cir-

151 3068 293 3145 cuitum,
316 3077 387 3128 tum
403 3065 748 3148 comprehensionem,
771 3075 828 3125 aut
846 3064 1148 3143 continuationem,

150 3186 205 3239 aut
219 3173 558 3261 circumscriptionem
570 3173 709 3235 dicimus
718 3198 727 3246 3
747 3194 787 3231 an
802 3171 834 3231 in
846 3172 1021 3255 principiis
1031 3173 1149 3247 solnm,

149 3304 188 3344 au
206 3274 242 3344 iu
255 3281 435 3370 extremis,
464 3302 505 3341 an
527 3279 561 3340 iu
581 3292 720 3362 utraque
742 3290 836 3362 parte
857 3301 1012 3340 numerus
1031 3291 1150 3341 tenen-

149 3389 209 3473 dus
229 3370 292 3451 siat
313 3424 352 3473 ·'.·
374 3422 415 3436 -
457 3390 493 3449 In
510 3388 648 3451 historia
665 3398 698 3449 et
713 3387 747 3446 in
765 3408 820 3464 eo,
845 3387 934 3469 quod
948 3386 1148 3470 appellamus

149 3496 393 3573 tautameos,
422 3495 532 3580 placet
557 3494 666 3554 onmia
697 3494 762 3555 dici
783 3495 947 3556 Isocrateo
964 3494 1149 3577 Theopom-

147 3600 276 3689 peoque
303 3625 413 3682 more,
445 3604 501 3665 illa
530 3601 837 3685 circumscriptione
866 3601 1076 3686 ambituque,
1099 3613 1150 3666 ut

147 3721 318 3801 tamquam
345 3714 381 3774 in
412 3716 490 3776 orbe
516 3713 645 3776 inclusa
670 3724 781 3774 currat
806 3714 910 3774 oratio
923 3739 941 3793 ,·
964 3715 1072 3797 quoad
1097 3715 1150 3774 in·
1181 3779 1184 3786 ,

148 3822 244 3886 sistat
261 3821 302 3891 iu
320 3821 457 3906 singulis
478 3821 634 3906 perfectis
655 3821 881 3905 absolutisque
901 3824 1084 3887 sententiis.
1106 3856 1151 3871 --

148 3930 264 3993 Genus
284 3941 392 3992 autem
408 3929 471 3991 hoc
491 3929 649 3992 orationis
667 3951 776 4012 neque
790 3939 897 3992 totam
914 3931 1148 3994 assumendum
1173 4014 1177 4021 Α
1229 4008 1231 4012 7

194 4114 393 4217 *).1tonnulli:
410 4144 497 4200 initia.
533 4144 609 4198 Atii:
627 4143 726 4205 vium·
806 4204 809 4208 .
