2610 4800
572 434 655 519 tut

200 650 305 697 mne.
338 632 471 689 uenena
491 642 585 691 utrum
605 632 707 688 liabent
724 634 877 707 quidquem
898 634 1053 699 srtldoiosi,
1079 640 1116 689 tar

153 766 159 777 .
200 731 432 791 omnicenatura
448 710 655 800 proficiscatur,
681 730 759 781 alind
777 730 889 783 dicendi
902 739 1017 803 ternpus
1033 733 1116 799 magis

201 823 468 891 idoneumdabitur.
504 824 584 881 Nunc
599 825 713 896 perinde
726 833 810 896 etque
825 834 953 919 constet,
977 827 1007 879 in
1019 822 1070 879 hac
1086 844 1116 879 re

152 956 157 973 .
202 919 322 973 multum
344 919 437 975 valere
459 928 544 977 arten
575 928 605 972 et
628 920 867 991 praeceptionem,
901 920 941 974 ita
965 939 998 974 ee
1025 922 1061 976 de
1087 940 1117 975 re

202 1012 357 1087 loquemur.
391 1016 579 1069 Placetenim
602 1015 680 1069 nobis
705 1034 763 1070 esse
785 1016 932 1068 artificium
957 1018 1116 1070 memoriae:

204 1126 292 1181 quare
304 1109 413 1180 placet,
440 1110 506 1162 aliar
516 1110 715 1163 ostendemus:
742 1109 772 1161 in
794 1111 946 1180 praesentis
965 1110 1118 1178 cujusmodi

205 1218 238 1259 οἱ
252 1204 305 1268 sit,
324 1203 483 1274 aperiemua
519 1206 591 1258 Sunt
603 1184 685 1272 igitir
698 1204 769 1257 duae
783 1205 941 1257 memoriae:
966 1222 1021 1257 unu
1035 1218 1120 1257 natu-

203 1299 294 1359 ralia,
319 1298 404 1353 altera
421 1299 588 1373 artificiosa.
631 1298 767 1353 Naturalis
783 1309 825 1351 est
843 1316 893 1362 ea,
928 1317 1000 1369 quae
1023 1300 1119 1352 noatris

205 1393 302 1445 animis
325 1393 407 1446 insita
431 1403 491 1459 est,
525 1403 555 1446 et
574 1393 656 1447 simul
673 1411 736 1446 cum
755 1394 919 1460 cogitatione
940 1404 1012 1448 nata.
1049 1394 1121 1448 Arti-

198 1486 299 1555 filim
319 1497 360 1541 est
374 1505 424 1553 ee,
455 1506 537 1559 quarn
553 1489 696 1571 confirmpt
712 1489 837 1541 inductio
852 1489 987 1559 quaedam
1003 1497 1032 1543 et
1051 1490 1119 1542 ratio

205 1584 412 1655 praeceptionis.
449 1583 503 1637 Sed
528 1585 593 1654 quia
616 1584 645 1635 in
669 1585 766 1637 ceteris
789 1583 869 1635 rebus
890 1600 992 1637 ssorsu
1011 1583 1120 1636 bonitas

195 1676 330 1739 imitatur.
349 1696 431 1748 saepe
450 1679 621 1743 doctrinam,
649 1697 689 1730 ars
712 1690 807 1750 porro,
842 1680 1120 1730 naturae'commods

206 1772 351 1827 confirmat
364 1783 393 1827 et
408 1783 505 1841 auget:
524 1775 563 1825 its
578 1774 609 1826 fit
621 1774 650 1825 in
664 1774 717 1825 hac
730 1791 768 1834 re,
788 1782 819 1825 ut
831 1789 1030 1844 nonnunquam
1041 1782 1121 1825 notu-

206 1868 272 1921 ratis
293 1869 440 1932 memoria,
475 1869 497 1921 ei
519 1869 564 1922 cui
587 1869 652 1921 data
677 1879 719 1922 est
743 1870 865 1936 egregia,
893 1869 987 1922 similis
1003 1869 1039 1922 sit
1055 1869 1121 1923 huic

177 2010 180 2015 .
204 1962 376 2019 artificiosae.
419 1965 498 2017 Porro
520 1963 590 2017 haec
611 1965 756 2017 artificiosa
774 1974 889 2017 naturae
902 1965 1044 2018 commoda
1058 1965 1124 2017 reti·

205 2068 257 2113 net
272 2058 464 2131 etamplificat
480 2042 588 2112 'satione
609 2059 758 2112 doctrinae.
796 2060 968 2131 Quapropter
991 2069 1021 2112 et
1040 2069 1123 2112 natu-

182 2152 270 2205 .rulis
285 2153 413 2207 memoria
428 2155 619 2224 praeceptione
634 2154 819 2207 confirmanda
835 2164 886 2218 est,
906 2164 938 2207 ut
954 2156 989 2208 sit
1001 2146 1121 2222 egregia:

185 2255 239 2300 ·.et
257 2246 344 2311 haec,
370 2266 441 2319 quae
457 2248 584 2301 doctrina
606 2249 704 2314 datur,
729 2250 834 2317 indiget
852 2250 961 2317 ingenii.
979 2250 1054 2303 -Nec
1068 2249 1121 2302 hoc

136 2376 140 2381 -
203 2341 289 2411 magis
315 2345 472 2396 autminus
493 2343 522 2395 in
547 2344 599 2396 hac
621 2362 667 2407 re,
696 2345 824 2416 quanain
841 2346 940 2398 ceteris
956 2343 1121 2409 artibosiit,

206 2446 247 2503 ut¹
271 2437 387 2507 ingenio
417 2437 571 2505 doctrina,
623 2440 817 2511 praeceptione
860 2449 958 2492 natura
997 2441 1123 2499 nitescat

129 2524 132 2529 ’
207 2531 302 2603 Quare
317 2542 346 2586 et
363 2534 435 2597 illis,
455 2524 505 2604 qui
518 2542 615 2587 nature
632 2552 764 2588 memores
777 2544 859 2598 sunt,
889 2535 964 2588 utilis
982 2535 1051 2588 haec
1074 2536 1124 2588 erit

205 2623 365 2679 institutio:
382 2629 456 2699 quod
472 2636 532 2683 tute
548 2629 643 2701 paullo
656 2638 718 2701 post
733 2630 833 2700 poteris
850 2629 1011 2696 intelligere.
1040 2629 1123 2700 Quod

205 2721 229 2775 ei
252 2720 294 2773 illi
318 2721 381 2775 freti
402 2715 511 2790 inginio
535 2734 625 2777 nostra
655 2726 848 2797 praeceptione
874 2743 929 2778 non
953 2725 1122 2793 indigerent,

206 2824 302 2869 tamen
313 2819 387 2884 justa
401 2835 482 2871 causa
495 2819 629 2893 ‚daretur,
656 2838 741 2891 quare
756 2820 807 2882 iis,
842 2822 890 2891 qui
912 2821 1001 2872 minus
1022 2820 1124 2887 ingenii

205 2891 331 2976 habeut,
364 2913 523 2980 adjumento
547 2914 663 2966 velimus
688 2932 753 2967 esse.
800 2913 882 2967 Nunc
907 2914 1123 2986 de'ortrsscioso

204 3008 338 3058 memoria
355 3006 507 3078 loquemur.
545 3008 660 3061 Constat
680 3009 762 3074 igitur
785 3008 929 3060 artificiosa
943 3009 1072 3060 memoria
1089 3025 1124 3060 ex

206 3100 276 3153 locis
291 3111 320 3155 et
333 3101 507 3169 imaginibus.
543 3105 629 3156 Locos
648 3094 817 3174 appiliamus
832 3121 894 3166 eos,
924 3103 973 3174 qui
989 3102 1122 3166 breviter,

205 3197 343 3269 perfecte,
372 3198 516 3266 insignite,
543 3209 593 3251 ant
608 3208 724 3262 natura,
744 3178 793 3251 irut
808 3216 889 3249 manu
907 3207 971 3251 sunt
985 3197 1122 3261 absoluti,

206 3301 241 3344 ut
256 3311 303 3345 eos
324 3292 404 3346 facile
424 3294 545 3346 naturali
561 3295 688 3347 memoria
703 3294 934 3365 comprehendere
951 3304 979 3347 et
994 3294 1122 3364 amplecti

199 3404 358 3460 ‚quaestuum
379 3398 411 3441 ut
422 3390 521 3453 aedes,
542 3390 794 3452 intercolumnium,
816 3390 960 3457 angulum,
981 3391 1122 3466 fornicem,

209 3491 240 3535 et
254 3482 326 3547 alia,
346 3501 417 3554 quae
433 3484 474 3536 hia
484 3484 585 3561 pimilia
600 3495 672 3538 suut.
698 3485 832 3553 Imagines
847 3495 912 3538 suut
924 3485 1024 3536 formae
1039 3501 1124 3555 quae-

210 3576 290 3640 dam,
317 3588 346 3630 et
369 3589 467 3642 notae,
495 3590 524 3632 et
539 3580 683 3633 simulacra
706 3583 763 3648 ejus
787 3580 840 3645 rei,
859 3598 949 3652 ·quam
971 3581 1124 3633 meminisse

184 3672 348 3745 ,volumust
377 3674 453 3745 quod
471 3692 573 3740 genias,
600 3675 683 3744 equi,
711 3677 822 3738 leones,
850 3676 979 3747 aquilae,
1006 3692 1122 3745 quorum

178 3802 182 3809 ·
209 3767 366 3819 memoriam
388 3769 410 3819 si
434 3769 556 3821 volemus
579 3768 698 3834 habere,
727 3770 856 3837 imagines
879 3786 972 3821 eorum
996 3771 1076 3824 certis
1094 3770 1123 3821 in
1173 3799 1190 3839 g

210 3859 277 3914 locis
291 3862 428 3917 collocare
441 3882 490 3917 uos
505 3864 650 3935 oportebit.
686 3865 785 3929 Nunc,
812 3864 965 3930 cujusmodi
983 3864 1061 3936 locos
1081 3863 1124 3916 in-

209 3957 320 4021 venire,
351 3967 380 4011 et
400 3977 456 4030 quo
472 3969 554 4031 paeto
570 3960 704 4030 reperire,
738 3968 767 4012 et
786 3958 814 4011 in
831 3958 899 4011 locis
914 3959 1043 4028 imagines
1058 3978 1124 4013 eon-

166 4096 174 4121 ,
212 4051 325 4111 stituere
340 4062 482 4127 oporteat,
502 4055 684 4108 ostendemus.
721 4054 960 4126 Quemadmodum
977 4055 1059 4123 igitur
1074 4055 1123 4126 qui
