2610 4800
506 414 590 493 3⁰5

130 614 232 676 icitur
253 623 363 676 autem
390 634 494 697 genus
520 614 584 676 hnc
610 613 765 677 dictionis
791 617 961 678 narrandis
990 639 1044 679 ex-

130 721 278 805 rudisque
296 721 410 796 sactis,
434 720 504 782 sine
523 720 601 781 ullis
623 722 978 806 argumentationibus,
1003 725 1043 784 ad
1117 799 1123 811 ι

130 830 149 891 ιί
170 838 278 891 motus
293 829 412 893 leniter
429 828 616 890 tractandos
634 829 753 911 magis,
776 852 873 912 quam
890 830 930 891 ad
948 832 1043 893 fidem

130 937 235 1025 rudiam
249 946 305 997 aut
322 937 576 999 confirmandam
589 932 842 1007 accommodate,
869 940 940 1001 Nou
958 940 1042 1002 euim

130 1046 352 1123 afirmantur,
386 1045 515 1121 sedeo,
549 1066 632 1127 quae
653 1056 761 1123 certa,
793 1057 848 1108 sut
867 1069 924 1130 pro
946 1046 1044 1109 certis

130 1164 157 1214 la
184 1162 284 1233 sunt,
319 1161 487 1236 augentur.
537 1152 754 1231 Quamobrem
788 1174 825 1213 ex
863 1154 921 1230 iis,
960 1174 1044 1237 qnae

152 1258 240 1320 dicta
269 1271 365 1337 suut,
400 1269 433 1321 et
463 1259 615 1320 narrandi
643 1268 675 1320 et
702 1259 840 1340 augendi
873 1273 1044 1344 praecepta

130 1376 249 1431 lentur.
292 1366 334 1429 Et
360 1368 515 1449 quoniam
543 1366 576 1426 iu
609 1365 660 1427 liis
692 1367 798 1427 causis
828 1369 934 1428 omnis
961 1370 1044 1430 ratio

143 1474 184 1536 ad
206 1473 405 1556 voluptatem
432 1475 590 1535 auditoris
612 1484 645 1536 et
665 1474 705 1534 ad
725 1474 974 1535 delectationem
993 1498 1044 1536 ra-

130 1602 177 1654 ιη
205 1562 372 1643 'urendum
410 1580 473 1642 erit
510 1581 550 1641 iis
587 1581 620 1641 iu
655 1581 802 1642 oratione
840 1581 1043 1666 singulorum

131 1709 225 1749 orum
250 1687 453 1771 insignibus,
485 1710 568 1770 quae
594 1688 713 1749 hubent
734 1687 911 1770 plurimum
936 1690 1044 1750 suari·

137 1822 146 1857 =
168 1794 286 1872 idest,
310 1807 347 1858 ut
365 1794 461 1857 frictis
481 1795 599 1871 verbis,
617 1806 672 1857 aut
690 1795 842 1871 vetustis,
861 1804 917 1857 aut
937 1807 1043 1858 trans-

156 1905 347 1986 traquenter
381 1894 528 1979 utamur,
568 1914 601 1966 et
628 1897 662 1962 in
694 1902 764 1984 ipsa
796 1905 1043 1967 constructione

131 2030 243 2087 orum,
265 2019 302 2070 ut
320 2009 408 2092 paria
430 2010 560 2093 paribus
577 2021 610 2073 et
629 2009 746 2070 similia
764 2010 924 2072 similibus
948 2032 1042 2094 saepe

131 2126 256 2179 antur:
287 2117 527 2196 utcontraria,
568 2128 605 2180 ut
631 2117 812 2198 geminata,
842 2126 881 2179 ut
904 2117 1043 2181 circum·
1115 2178 1118 2185 ,

131 2239 171 2289 ita
201 2246 391 2302 numerose,
427 2247 491 2286 non
523 2225 562 2286 ad
595 2225 842 2286 similitudinem
868 2246 1042 2304 versuum,

131 2324 371 2417 rdsxpleu'dum
386 2333 513 2394 aurium
529 2353 676 2408 sensum,
700 2343 775 2416 apto
791 2331 933 2414 quodam
949 2333 1043 2416 quasi

131 2461 224 2501 orum
255 2439 360 2502 modo.
413 2438 671 2523 Adhibendaque
704 2441 911 2522 frequentius
944 2440 1042 2502 etiam

131 2560 317 2611 ornamenta
336 2571 444 2610 rerum
468 2560 562 2625 sunt,
597 2549 664 2608 sive
683 2571 766 2630 quae
789 2548 988 2609 admirabilia
1010 2557 1042 2610 st

133 2657 285 2740 opinata,
318 2657 386 2718 sire
414 2654 593 2736 significata
623 2657 797 2730 monstris,
831 2655 985 2738 prodigiis
1009 2663 1040 2717 el

131 2763 205 2824 ulis:
236 2765 304 2827 sive
332 2785 414 2846 quae
439 2761 636 2824 ridebuntur
660 2762 711 2840 ei,
744 2763 871 2845 dequo
895 2763 1040 2847 agimus,

131 2870 208 2933 lisse
224 2869 334 2931 diviua
350 2881 448 2953 atque
463 2869 584 2931 satalia.
609 2871 725 2931 Omnis
740 2871 826 2931 enim
841 2871 1040 2952 exspectatio

132 3026 133 3035 ,
167 2977 225 3060 qui
254 2978 362 3054 audit,
393 2989 425 3039 et
460 2977 631 3038 admiratio
669 2989 700 3039 et
728 2977 895 3060 improvisi
934 2976 1038 3040 exitus

132 3095 168 3146 nt
180 3084 320 3168 aliquam
339 3085 372 3146 in
389 3070 552 3147 audiendo
566 3087 775 3168 voluptatem.
808 3085 870 3146 Sed
885 3085 1038 3167 quoniam

131 3193 217 3253 ribus
246 3191 416 3274 generibus
445 3193 527 3252 bona
555 3194 678 3254 malave
705 3203 876 3253 versantur
897 3193 1038 3254 externis

132 3299 193 3358 aris
211 3308 243 3360 et
258 3298 374 3371 animi;
398 3292 507 3381 prima*
519 3310 748 3377 suutexterna,
770 3293 854 3381 quae
872 3300 1040 3362 ducuntur

132 3428 209 3468 iere.
251 3407 324 3484 Quo
346 3407 489 3467 breviter
507 3406 700 3489 modiceque
722 3407 873 3483 laudato,
904 3418 977 3483 aut,
1011 3406 1038 3466 si

132 3515 248 3574 infame
256 3558 266 3589 ,
288 3515 532 3596 praetermisso,
555 3515 677 3578 humile
699 3515 749 3577 vel
768 3517 963 3598 praeterito,
989 3496 1036 3576 rel

132 3622 283 3704 rgeudam
303 3620 391 3704 ejus,
415 3645 509 3704 quem
529 3623 638 3682 laudas
662 3623 795 3704 gloriam
815 3623 1037 3701 tact0,·dein·

132 3775 142 3805 ,
175 3730 202 3789 si
223 3751 275 3791 ses
301 3730 442 3811 patitur,
475 3729 514 3789 de
534 3732 673 3790 fortunis
694 3731 754 3791 erit
777 3741 809 3792 et
826 3731 1036 3792 facultatibus

132 3837 231 3899 idum.
275 3838 390 3897 Postea
410 3836 449 3896 de
467 3836 613 3919 corporis
637 3838 748 3910 bonis,
773 3839 805 3897 in
825 3838 944 3920 quibua
962 3838 1035 3919 qui·

153 3944 406 4028 quoerirlulem
420 3944 555 4006 maxime
569 3940 742 4026 significat,
763 3943 917 4006 facillime
932 3947 1035 4005 formu

132 4066 205 4114 itur.
249 4051 372 4112 Deinde
401 4063 449 4111 est
476 4051 515 4111 ad
537 4055 623 4112 facta
649 4053 864 4128 veniendum,
895 4073 1036 4134 quorum

797 4166 837 4226 20
