2610 4800
518 430 602 510 109

147 631 321 713 προςάπαν,
353 632 424 709 πρός
448 630 502 701 οὓς
524 634 542 690 ὁ
565 631 672 707 λόγος,
699 626 720 699 ἢ
746 629 786 690 δι’
809 630 978 703 ἀσφάλειαν
997 636 1070 711 πρὸς

96 790 99 795 ,
149 734 223 798 τοὺς
246 724 424 796 ἀκούοντας
465 731 529 786 Καὶ
554 730 653 800 τούτῳ
676 732 730 802 μέν
751 732 794 802 τῷ
814 726 887 784 εῖδει
908 732 965 785 οὐκ
988 729 1070 786 ἀντι·

149 820 287 895 λέγουσιν
305 824 336 881 οί
354 827 521 900 ῥητορικαὶ,
546 820 629 880 ἀλλὰ
643 820 789 879 καλοῦσιν
804 825 883 879 αὐτὸ
900 828 1016 899 χρῶμα.
1035 849 1069 862 ·-

149 916 493 990 Τὸδί(ινε1ἰιιιίοτιοαε
510 915 611 994 ’ἕτερον
629 914 678 987 δὲ)
695 938 725 973 τι
741 918 843 990 σχῆμά
863 914 1070 1001 ε’στι“πλαγίο)ς

151 1011 238 1089 ίτερα
253 1020 307 1091 μὲν
322 1014 419 1088 λέγον,
439 1011 524 1089 ἕτερα
538 1012 563 1070 δ’
576 1015 770 1090 ἐργαζόμενον
785 1017 814 1069 ι“ν
826 1011 933 1081 λόγοις.
956 1014 1070 1088 Τρίτον

152 1110 256 1184 σχῆμά
274 1113 355 1183 ε’στι,
378 1116 414 1167 τὸ
432 1106 479 1178 οἷς
495 1105 570 1179 λέγει
586 1112 626 1165 τόι
643 1109 766 1165 ε’ναντία
783 1109 960 1183 πραχθῆναι
980 1127 1070 1187 πραγ·

152 1194 369 1281 μιτευόμενον.

204 1301 275 1356 Τοῦ
288 1304 341 1374 μὲν
357 1293 413 1356 οὖν
427 1296 619 1371 καλουμένου
631 1301 690 1355 ὑπὸ
705 1301 765 1356 τόν
778 1295 897 1355 πολλῶν
911 1298 1072 1374 χρώματος

152 1393 224 1454 οὔτε
243 1396 502 1470 ἀποκεκρυμμένα,
537 1394 607 1450 οὔτε
628 1392 746 1463 χαλεπὴ
769 1391 907 1466 μέθοδος.
935 1394 1073 1449 ἐπιείκεια

151 1492 208 1566 γὰρ
233 1489 426 1564 προςτεθεῖσα
450 1496 516 1554 τοῖς
539 1486 657 1556 λόγοις,
690 1493 742 1542 καὶ
768 1496 804 1544 τὸ
833 1486 1073 1544 ὑποστέλλεσθαι

150 1589 191 1650 τῆ
212 1583 374 1657 παρρησίιρ,
400 1586 453 1638 καὶ
478 1584 557 1638 αὐτὸ
580 1590 675 1637 τοῦτο
700 1589 737 1641 τὸ
760 1579 915 1638 αἰδεῖσθαι
936 1601 1072 1659 προςποι·

151 1679 273 1754 ασθαι,
305 1682 359 1735 καλ
384 1683 421 1735 τὸ
452 1675 615 1751 ὁμολογεῖν
644 1679 684 1749 μὴ
710 1675 876 1744 βούλεσθαι
901 1675 1072 1751 τολμηρῶς,

152 1770 223 1851 μηδ’
249 1771 536 1847 ἀποκεκαλνμμένως
571 1771 680 1845 λέγειν,
712 1773 730 1837 ἡ
766 1770 895 1844 μέθοδός
925 1775 985 1828 ε’στι
1013 1776 1073 1828 τῶν

153 1870 303 1927 τοιοῦτον
328 1866 431 1935 λόγων.
458 1867 578 1940 μεγίστη
599 1864 630 1921 δὲ
651 1868 703 1921 καὶ
726 1865 886 1934 βαθυτάτη
906 1869 935 1922 έν
952 1870 1074 1936 τούτοις

151 1973 219 2032 τοῖς
241 1961 340 2032 λόγοις
370 1960 518 2036 μέθοδος,
551 1968 588 2019 τὸ
615 1963 713 2037 ἐτέρας
742 1962 843 2028 αἰτίας
865 1959 1075 2028 ὑποβαλέσθαι

153 2058 344 2129 εὐσχήμονας
369 2063 423 2132 πρὸ
440 2062 502 2112 τῶν
525 2055 700 2112 λυπούντων
715 2054 817 2124 λόγων.
838 2083 870 2094 -
891 2056 925 2108 Οί
941 2052 972 2110 δι’
989 2052 1076 2127 ἕτερα

153 2151 376 2228 μὲνλέγοντες,
401 2149 487 2227 ἓτερα
501 2148 532 2206 δι’
548 2149 749 2223 βουλόμενοι,
768 2151 827 2205 τίνι
846 2148 964 2223 μεθόδῳ
980 2157 1074 2227 χρῶν-

152 2264 221 2314 ταις
248 2245 434 2322 προτείνουσι
457 2249 586 2322 μὲνγὰρ
609 2243 693 2321 ἕτερα
708 2243 862 2316 κεφάλαια
875 2254 941 2311 τοῖς
964 2247 1075 2321 ἀκροω-

155 2344 271 2417 μένοις·
295 2337 316 2394 ’ά
339 2338 370 2395 δέ
394 2338 560 2407 βούλονται
582 2352 699 2414 πεῖσαι,
724 2351 789 2407 τοῖς
808 2341 984 2415 προταθετσι
1008 2358 1076 2410 συγ·

154 2436 419 2500 κατασκευάζουσι.
436 2440 488 2491 καὶ
505 2438 616 2509 τρόπον
632 2439 701 2491 τινά
715 2434 842 2492 διπλοῦν
857 2438 957 2504 ἀγῶνα
972 2436 1075 2504 ἀγωνί-

155 2530 274 2597 ζονται·
299 2535 341 2604 τῷ
357 2533 479 2605 μὲνγὰρ
496 2529 574 2603 λόγῳ
591 2537 627 2587 τὸ
646 2538 748 2587 κοινόν
762 2533 965 2607 προτείνουσι,
984 2536 1078 2603 τέχνῃ

154 2621 207 2701 δέ,
233 2620 271 2683 οὗ
295 2630 349 2692 τὴν
376 2626 479 2697 χρείαν
503 2624 631 2695 ἔχουσιν.
662 2624 726 2682 ὁδί
743 2626 788 2694 οἷς
811 2625 886 2695 λέγει
900 2631 941 2683 τόι
955 2629 1079 2683 ἐναντία

101 2722 104 2727 '
155 2719 341 2795 βουλόμενος
371 2718 459 2789 λόγος
481 2723 626 2792 ἀκοῦσαι,
653 2725 764 2778 οὑτωσί
789 2719 905 2780 ἀτοπόν
927 2742 998 2779 τινα
1023 2726 1079 2789 τὴν

158 2814 292 2891 μέθοδον
313 2812 390 2887 ἔχειν
414 2815 501 2887 δόξει.
528 2816 575 2872 δεῖ
596 2821 650 2892 γὰρ
678 2826 718 2885 εἰς
740 2820 921 2886 ἐναντιώσεις
951 2820 1079 2875 ὑποπίπ-

156 2930 253 2968 ταντα
272 2910 435 2980 φαίνεσθαι
455 2919 521 2978 τοῖς
540 2914 698 2968 ἀκούουσι·
718 2919 771 2969 ταὶ
788 2917 817 2968 ἐν
833 2917 932 2985 τούτῳ
950 2918 990 2986 τῷ
1005 2910 1078 2966 εῖδει

157 3013 195 3063 τὸ
214 3008 394 3064 κοινότατον
416 3004 453 3072 δὴ
473 3006 633 3082 φαίνεται,
661 3011 753 3078 τέχνη
774 3009 894 3084 ῥήτορος
915 3003 1013 3081 οὖσα,
1038 3014 1076 3064 τὸ

128 3102 132 3109 '
157 3102 282 3159 ίναντία
302 3100 401 3169 λέγειν.
422 3101 466 3169 τίς
488 3104 504 3156 ὁ
523 3100 629 3183 Ιλόγος;
658 3102 771 3178 βραχὺς
789 3107 841 3156 καὶ
860 3086 964 3171 σαφηξ.
988 3082 1096 3178 ώςπερ,’

156 3198 212 3275 γὰρ
233 3199 264 3253 έν
283 3205 350 3265 τοῖς
372 3195 481 3265 ἁπλοῖς
503 3200 562 3253 τόν
585 3199 704 3266 ἀγώνων
726 3196 873 3266 ὠφέλειαν
895 3193 956 3267 ἔχει
976 3205 1012 3254 τὸ
1035 3201 1078 3270 μτὶ

157 3291 258 3350 δοκεῖν
279 3293 402 3361 ἐναντία
423 3291 532 3367 λέγειν,
558 3291 652 3359 οὕτως
675 3294 811 3350 ἐνταῦθα
828 3288 928 3368 κέρδος
944 3295 977 3346 αἱ
994 3295 1078 3348 ε’ναν-

158 3388 270 3456 τιώσείς
293 3386 415 3458 έχουσι·
440 3396 475 3445 τὸ
499 3387 530 3444 δὲ
557 3387 594 3453 δη
616 3388 738 3444 ἐναντία
756 3387 867 3461 λέγειν,
894 3388 1004 3460 ζημίαν
1026 3391 1079 3443 καὶ

158 3485 247 3540 πάνυ.
269 3481 418 3539 δικαιώσει
442 3486 495 3556 γὰρ
516 3483 562 3550 οἷς
587 3482 663 3554 λέγει
684 3504 727 3551 τις
745 3486 785 3538 τὰ
805 3484 935 3538 ἐναντία.
958 3481 1003 3548 οἷς
1022 3487 1078 3558 γάρ

108 3588 112 3593 ’
160 3574 322 3649 βούλεται,
344 3572 389 3637 ,ἀν
407 3566 614 3653 λίγωνπείση,
642 3583 682 3633 τά
700 3579 823 3634 ἐναντία
839 3576 947 3651 πράξει.
967 3572 1005 3632 ἀν
1024 3575 1078 3648 δὲ,

160 3669 183 3726 ά
206 3670 366 3745 βούλεται,
391 3674 627 3748 κατεργάζηται,
654 3673 777 3729 ε’ναντία
800 3672 846 3738 οἷς
871 3671 947 3741 λέγει
968 3672 1078 3728 πείθειν

161 3758 250 3838 δόξει.
280 3765 409 3842 μέθοδος
433 3765 464 3823 δὲ
489 3771 606 3825 τούτων
629 3769 689 3834 τίς;
718 3766 805 3844 ώςπερ
829 3770 858 3823 έν
881 3777 947 3836 τοῖς
970 3766 1080 3834 ἁπλοῖς

159 3862 251 3932 ἀγόσι
275 3865 330 3929 τὰς
355 3861 508 3938 προτάσεις
532 3865 585 3928 τὰς
615 3863 725 3929 οἰκείας
751 3863 884 3930 ἀσθενεῖς
912 3859 990 3918 εἶναι
1014 3861 1078 3935 δεῖ,

160 3958 216 4023 τὰς
236 3950 274 4021 δὴ
295 3960 353 4013 τοῦ
370 3952 524 4012 ἀντιδίκου
546 3959 686 4031 ἰσχυράς,
711 3961 763 4010 καὶ
776 3959 816 4010 τὰ
831 3963 884 4029 μὲν
901 3958 967 4031 παρ’
981 3959 1081 4012 αὐτοῦ

161 4047 331 4106 εὐδιάλυτα
349 4048 604 4126 προςβάλλεσθαι,
632 4053 672 4106 τὰ
692 4047 723 4105 δὲ
748 4053 829 4127 παρὰ
848 4057 906 4108 τοῦ
928 4055 1080 4107 ἐναντιου-

161 4147 255 4220 μένου
270 4144 551 4218 δυσιιαταγώνιστα·
571 4142 650 4215 αὕτη
664 4146 722 4221 μία
738 4144 876 4222 μέθοδος
895 4144 1016 4224 διντέρα
1031 4146 1080 4217 δὲ,
