2610 4800
614 432 698 512 564
789 497 792 503 .

149 636 375 718 praetereunt,
396 648 470 704 uon¹
481 625 596 692 vident
611 627 827 690 molissimum
843 649 862 687 a
877 645 948 690 sese
966 644 1139 708 numerum,

151 740 369 822 eumdemque
385 736 621 822 amplissimum
635 735 815 820 praeteriri.
859 734 956 816 Quod
973 735 1067 818 longe
1078 733 1139 796 ari·

153 845 546 922 quatriduanum,
570 844 626 927 qui
647 843 793 928 judicat,
825 843 961 905 heroum
981 865 1136 907 numerum

152 953 375 1037 grandiorem,
407 975 503 1037 quam
532 951 694 1015 desideret
722 951 829 1016 soluta
855 950 977 1013 oratio:
1009 948 1136 1033 jambam

153 1073 261 1123 autem
279 1061 374 1122 nimis
394 1083 410 1122 e
430 1059 552 1143 vulgari
568 1081 638 1122 esse
657 1080 813 1120 sermone.
858 1061 906 1120 lta
923 1081 1031 1141 neque
1045 1058 1134 1120 humi·

80 1245 83 1249 Ι
152 1166 237 1242 lem,
271 1188 330 1228 nec
356 1165 514 1249 abjectam
528 1167 737 1245 orationem,
778 1187 838 1227 nec
869 1167 967 1226 nimis
995 1167 1088 1226 altam
1111 1173 1135 1227 et

153 1286 375 1356 exaggeratam
402 1276 536 1357 probat:
577 1275 708 1357 plenam
740 1282 848 1334 tamen
882 1295 953 1335 eam
980 1273 1052 1335 vult
1079 1294 1135 1336 esse

61 1399 63 1405 ’
149 1386 398 1464 gravitatis‚'ut
418 1404 492 1458 eos,
522 1383 579 1464 qui
599 1381 751 1457 audient,
782 1379 991 1466 admajorem
1013 1380 1136 1441 admira·

151 1486 276 1552 tionem
294 1488 398 1571 possit
416 1489 598 1550 traducere.
639 1488 846 1550 Trochaeum
866 1497 995 1566 autem,
1026 1488 1082 1572 qui
1098 1496 1142 1550 at·

150 1575 273 1659 eodem*
285 1595 409 1678 spatio,
432 1618 498 1680 quo
515 1597 672 1678 choreus,
696 1594 869 1659 cordacem
880 1597 1050 1680 appellat,
1073 1594 1135 1680 quia

107 1749 113 1759 ,
152 1704 337 1767 contractio
371 1714 404 1768 et
432 1705 575 1768 brevitas
606 1704 799 1788 dignitatem
829 1725 894 1767 non
927 1703 1054 1766 haheat.
1099 1705 1135 1764 tu

151 1796 275 1896 paeona
297 1814 435 1897 probat,
465 1833 569 1896 eoque
592 1813 637 1875 ait
663 1812 712 1872 uti
736 1807 867 1890 omues,
901 1811 959 1873 sed
978 1812 1062 1896 ipsos
1083 1790 1150 1871 nou,

153 1921 287 1998 sentire,
317 1941 392 1982 cum
412 1914 564 1981 utahtur:
588 1942 658 1983 esse
675 1931 784 1981 autem
802 1920 935 1982 tertium
953 1941 991 1981 ac
1011 1919 1134 1982 medium

151 2026 239 2088 inter
267 2026 357 2089 illos:
392 2027 448 2090 sed
474 2028 519 2088 ita
541 2030 646 2090 factos
671 2016 725 2090 eos
750 2026 848 2110 pedes
872 2010 962 2102 esse,
995 2036 1032 2088 ut
1053 2023 1150 2099 ineis,

152 2115 289 2216 singulis
309 2120 424 2196 uiodus
444 2135 522 2197 insit
541 2135 824 2217 aut-sesquiplex,
854 2144 910 2194 aut
928 2134 1063 2216 duplex,
1092 2139 1134 2191 aut

150 2260 210 2324 par
224 2241 261 2320 *).
304 2243 504 2325 ltaqueilli,
527 2242 566 2304 de
590 2243 710 2325 quibus
728 2254 803 2304 aute
822 2242 902 2321 dixi,
926 2238 1134 2303 tantummodo
1156 2258 1158 2263 ·

152 2348 392 2411 commoditatis
412 2349 599 2413 habueruut
620 2352 800 2426 rationem,
823 2349 956 2420 ,nullam
974 2347 1133 2430 diguitatis

150 2457 282 2518 iambus
306 2457 393 2518 enim
413 2466 446 2519 et
467 2458 616 2542 dactylus
638 2459 672 2519 iu
698 2480 827 2520 versum
855 2457 979 2519 cadunt
995 2456 1133 2526 marium
1155 2466 1158 2475 '

139 2561 285 2651 'itaque,
317 2572 353 2624 ut
373 2585 504 2625 versum
520 2566 661 2647 fugimus
683 2565 715 2626 in
739 2565 905 2641 oratioue,
934 2564 982 2624 sic
1012 2562 1047 2622 hi
1074 2569 1135 2625 sual

151 2668 294 2731 evitandi
324 2664 506 2735 coutiuuati
531 2673 639 2754 pedes.
691 2670 792 2734 Aliud
816 2673 902 2734 enim
924 2670 1078 2756 quiddam
1096 2674 1134 2732 est

150 2776 272 2853 oratio,
296 2800 357 2840 nec
378 2779 559 2863 quidquam
577 2782 759 2855 inimicius,
782 2802 879 2863 quam
898 2779 972 2857 illa,
994 2780 1134 2843 versibus.

148 2885 257 2946 Paeon
277 2896 384 2949 autem
402 2888 534 2950 minime
547 2899 603 2953 *est
622 2900 716 2970 aptus
738 2887 777 2948 ad
793 2878 942 2964 uersum,
967 2909 1034 2971 quo
1051 2887 1134 2948 lihen·

149 2989 215 3050 tius
235 3006 312 3051 ¹eum
331 2995 457 3076 recepit
477 2996 589 3084 omtiq.
632 2995 782 3078 Ephorus
798 3010 883 3057 *vero
906 3017 947 3056 ne
968 2996 1133 3079 spondeum

149 3097 296 3179 quidem,
322 3122 419 3183 quem
436 3102 530 3185 fugit,
554 3101 711 3185 intelligit
731 3122 801 3165 esse
822 3102 991 3186 aequalem
1009 3099 1133 3184 dactylo,

150 3226 247 3286 quem
269 3208 404 3288 probat3
444 3210 575 3293 syllabis
604 3210 692 3272 enim
716 3211 896 3273 metiendos
925 3210 1047 3294 pedes,
1079 3226 1132 3269 nou

147 3311 349 3392 intervallis,
380 3315 560 3381 existimat:
595 3319 682 3401 quod
706 3319 792 3381 idem
813 3319 894 3380 facit
917 3319 951 3381 in
976 3318 1132 3388 trochaeo,

148 3421 208 3501 qui
230 3423 430 3504 temporibus
455 3436 488 3488 et
513 3425 694 3488 intervallis
723 3437 772 3489 est
799 3449 858 3509 par
874 3425 1001 3510 jambo:
1033 3424 1086 3488 sed
1103 3440 1131 3485 co

146 3528 286 3589 vitiosus
303 3532 337 3590 in
359 3532 523 3610 oratioue,
547 3533 574 3596 si
593 3545 734 3615 ponatur
751 3545 923 3609 extremus,
945 3533 1033 3616 quod
1049 3531 1131 3594 verti

147 3637 263 3697 melius
279 3638 311 3698 in
332 3640 469 3722 syllabas
486 3640 648 3721 longiores
663 3641 795 3702 cadunt.
826 3642 936 3724 Atque
949 3640 1041 3720 hacc,
1061 3648 1130 3721 q'uao

147 3756 224 3806 sunt
244 3746 329 3828 apud
353 3747 578 3825 Aristotelem,
604 3749 716 3812 eadem
732 3773 750 3813 a
768 3747 1013 3833 Theophrasto,
1037 3747 1130 3810 Theo-

145 3850 306 3934 docteque
340 3852 379 3915 de
406 3876 529 3936 paeone
557 3856 722 3920 dicuntur.
771 3859 841 3945 Ego
874 3868 984 3921 autem
1015 3853 1127 3924 sentior

155 3995 501 4011 Μ

194 4067 219 4141 “)
238 4072 319 4127 Arist.
336 4073 413 4129 lihet.
431 4072 451 4126 l·
472 4078 524 4130 111.
542 4093 565 4133 c.
581 4082 606 4134 8.
624 4076 644 4150 §.
662 4076 686 4147 ἀι
