2610 4800
263 832 393 910 tantum
411 849 492 909 sidat
511 848 642 931 iugenio
652 892 662 926 ,
686 858 723 910 ut
740 847 780 929 id,
795 847 856 908 sibi
870 857 982 932 -speret
1002 848 1176 931 incipienti
1194 861 1260 913 sta-

262 938 321 1020 tim
341 962 436 1041 poss'e
458 957 668 1039 contingere;
700 954 757 1018 sed
779 954 867 1018 sicut
891 955 925 1029 in
945 955 1145 1039 cogitatione
1164 978 1259 1039 prae·

262 1066 420 1150 cipimus,
445 1065 489 1126 ita
507 1054 700 1128 facilitatem
720 1063 970 1147 extemporalem
990 1085 1008 1123 u
1030 1064 1139 1147 parvis
1153 1066 1258 1128 initiis

260 1172 431 1257 paullatim
449 1172 663 1256 perducemus
684 1171 725 1234 ud
744 1180 917 1234 summam:
952 1193 1036 1255 quae
1057 1191 1166 1255 neque
1184 1195 1258 1257 per·

261 1279 315 1343 lici
330 1326 338 1358 ,
369 1302 477 1364 neque
496 1276 659 1342 contineri
680 1280 744 1341 nisi
764 1302 828 1342 usu
845 1277 962 1364 potest.
1007 1281 1161 1343 Ceterum
1185 1302 1266 1365 per·.

260 1387 372 1473 uenire
394 1386 565 1466 eodebet,
595 1399 633 1450 nt
646 1387 807 1472 cogitatio
827 1403 897 1476 'uou
922 1388 1040 1470 utique
1068 1388 1186 1450 melior
1216 1389 1256 1449 sit

261 1518 318 1577 ea,
342 1494 398 1557 sed
416 1495 537 1568 tutio'r3
563 1518 637 1556 cum
650 1495 735 1556 hauc
754 1495 946 1558 facilitatem
965 1518 1031 1559 nou
1048 1495 1255 1580 prosamodo

232 1602 356 1666 *multi
379 1602 445 1663 siut
467 1603 655 1680 consecuti,
696 1597 873 1666 sedetiam
901 1603 1067 1681 carmine,
1101 1615 1139 1665 ut
1162 1605 1256 1667 Auti-

259 1723 353 1796 pater
367 1705 532 1773 Sidouius·
546 1720 580 1772 et
595 1710 743 1772 Licinius
764 1710 921 1783 Archiast·
951 1711 1152 1773 credendum
1171 1712 1255 1775 enim

259 1806 412 1881 Ciceroni
431 1817 480 1880 est
503 1817 550 1895 *);
581 1836 647 1879 nou
666 1819 744 1901 quia
764 1818 889 1879 uostris·
904 1836 1037 1901 quoque
1054 1820 1255 1903 temporibus

259 1948 325 1987 nou
352 1937 384 1988 et
401 1920 541 1988 fecerint
562 1926 695 2008 quidam
719 1926 783 1987 boc
805 1936 838 1989 et
864 1921 1003 1989 facient:
1025 1918 1130 2016 ‘quod
1148 1937 1256 1989 tumen

259 2055 326 2096 nou
347 2033 453 2115 ipsum
473 2030 538 2095 tam
556 2033 723 2116 probabile
743 2025 824 2117 piato
841 2040 969 2116 (neque
988 2036 1074 2097 enim
1089 2035 1190 2098 habet
1205 2046 1270 2098 aut

257 2161 356 2203 usum
373 2161 424 2203 res
440 2151 498 2202 aut
512 2140 761 2218 necessitatem)
778 2162 877 2224 quam
893 2140 1102 2203 exhortandis
1119 2143 1155 2204 in
1173 2144 1273 2206 baut:

238 2336 241 2348 Ι
259 2270 366 2333 spem,
397 2248 458 2330 qui
478 2249 549 2309 foro
566 2256 822 2332 praeparantur,
841 2249 935 2311 'utile
959 2250 1153 2332 exemplum.
1197 2253 1279 2314 Ne-

255 2379 324 2441 que
353 2378 431 2418 veru
460 2366 583 2417 tautam
616 2376 686 2419 esse
722 2373 867 2440 unquam
902 2357 1053 2420 fiduciam
1085 2359 1273 2424 facilitatis

258 2458 374 2540 velim,
407 2474 527 2526 utnon
546 2465 644 2527 breve
662 2462 776 2526 saltem
800 2459 948 2547 tempus,
979 2465 1070 2548 quod
1093 2487 1266 2550 nusquam

171 2598 173 2605 '
256 2573 325 2633 fere
344 2571 476 2649 decrit,
505 2573 618 2650 adea,
649 2594 734 2655 quae
750 2572 874 2636 dicturi
894 2572 1019 2651 simus,
1049 2573 1257 2657 dispicienda

256 2694 437 2742 sumamus:
478 2679 568 2761 quod
594 2678 730 2762 quidem
754 2679 789 2740 in
821 2662 953 2762 judiciis
984 2703 1022 2743 ac
1056 2682 1131 2743 foro
1162 2680 1250 2742 datur

255 2804 394 2870 semper.
447 2788 562 2869 Neque
588 2787 676 2848 enim
704 2787 878 2871 quisquam
910 2799 977 2866 est,
1005 2788 1243 2871 ,qui·cuusam,
1291 2850 1294 2855 .

257 2916 451 2978 quamnou
484 2895 658 2972 didicerit,
692 2906 773 2978 agat.
825 2896 1241 2987 Declamatoresquosdan
1286 2954 1291 2969 ,

176 3033 178 3039 ·
256 3023 407 3086 perversa
427 3001 520 3064 ducit
539 3002 691 3079 ambitio,
724 3014 761 3064 ut
782 3003 1240 3087 expositacoutroversiapro·
1283 2984 1294 3041 l

257 3108 348 3172 tiuus
368 3109 619 3172 dicere'velint:
655 3111 736 3194 quin
760 3111 993 3195 etiam,2quod
1014 3111 1124 3173 estin
1140 3110 1239 3194 primis
1287 3148 1295 3173 ·.

220 3204 224 3212 ’
256 3215 413 3279 frivolum
427 3234 468 3279 ac·
481 3218 662 3306 scenicum,
685 3211 819 3280 terbum
831 3229 955 3302 petant,
979 3219 1240 3304 quod'iucipieut
1284 3210 1295 3247 ²·

256 3321 320 3388 Sed
337 3336 403 3387 tam
421 3326 676 3389 contumeliosos
691 3319 728 3387 iu
747 3327 875 3390 seridet
888 3327 1031 3390 invicem
1047 3328 1240 3412 eloquentia:

258 3443 291 3496 et
319 3434 375 3516 qui
400 3434 509 3496 stultis
537 3435 640 3497 videri
668 3436 788 3498 eruditi
814 3438 956 3514 volunt,
993 3437 1098 3500 stulti·
1117 3436 1242 3500 eruditis

256 3540 456 3627 judicantur.
498 3541 532 3603 Si
554 3564 617 3624 qua
638 3552 746 3604 tamen
767 3545 899 3631 foptune
918 3555 984 3606 tarn
1009 3544 1152 3607 subitam
1172 3546 1246 3608 fece·

257 3649 302 3711 rit
318 3647 436 3731 agendi
453 3651 701 3726 necessitatem,
733 3649 901 3711 mobiliore
922 3651 1062 3733 quodam
1084 3672 1168 3735 opus
1193 3651 1247 3714 erit

256 3753 389 3837 iugenio
408 3765 440 3816 et
456 3757 505 3816 vis
522 3757 627 3817 omnis
646 3756 844 3819 intendenda
859 3759 954 3819 rebus
974 3769 1006 3820 et
1021 3761 1053 3820 iii
1069 3762 1248 3844 praeseutia

257 3862 489 3923 remittendum
510 3864 635 3947 aliquid
658 3886 695 3926 ex
715 3887 799 3925 cura·
813 3866 1007 3942 verborum,
1039 3868 1067 3926 si
1093 3867 1250 3950 consequi

257 3980 434 4050 utrumque
461 3993 525 4031 non
546 3971 685 4034 dabitur.
729 3976 812 4033 Tum
832 3983 865 4033 et
880 3974 1004 4033 tardior
1021 3978 1251 4057 pronunciatio

256 4096 363 4137 moras
383 4077 482 4139 babet
501 4089 534 4140 et
551 4091 708 4161 suspensa
727 4101 764 4141 ac
785 4079 876 4142 velut
892 4080 1044 4144 dubitans
1057 4079 1193 4146 'oratioe
1219 4094 1252 4145 ut

259 4220 609 4238 m

299 4295 324 4365 *)
350 4280 437 4348 Cicer‘.
456 4298 496 4350 De
513 4308 578 4351 orat.
594 4301 645 4350 Ill.
663 4309 702 4357 50.
721 4310 748 4353 et
765 4319 812 4372 pro
829 4301 905 4356 Arch.
925 4310 997 4373 poet.
1014 4319 1036 4356 c.
1053 4307 1089 4358 8(
