2610 4800
506 116 592 193 373

10 322 68 383 rari
89 316 167 397 ¹ut't
204 316 325 401 speras
349 314 492 379 namatio
517 316 639 401 poterit
659 336 750 395 essa,
786 315 878 381 siut
903 317 1052 403 quidque

58 432 62 441 '
117 403 127 441 '¹
148 420 341 509 ingestum
363 422 445 503 erit,
465 422 513 487 ita
529 423 671 507 primum
691 434 873 507 exponetur
890 434 924 487 et
941 444 1054 489 rerum

41 608 45 619 Ι
126 540 295 617 temporum
315 530 396 593 ordo
417 531 617 613 servabitur,
649 541 688 594 ut
713 530 760 595 ita
787 543 980 609 narrentur,
1013 541 1052 595 ut

14 696 35 729 ·.
83 710 86 715 ,
123 648 165 703 lae
188 660 240 703 rea
272 648 388 713 erunt,
423 651 480 703 aut
503 649 541 702 ut
571 640 719 724 potuisse
746 640 813 725 geri
844 640 1052 703 videbuntur.

10 778 29 815 rs
81 732 125 810 bit
140 746 409 811 considerandum
429 748 504 823 erit,
529 750 666 831 nequid
686 749 887 833 perturbate,
911 771 952 811 ne
973 747 1053 832 quid

80 866 206 925 ,ualorte
221 855 369 931 dicatur,
398 878 440 919 ne
461 878 560 939 quam
581 857 614 917 iu
641 857 737 917 aliam
756 879 825 919 rem
848 867 1053 934 transeatur,

83 964 156 1047 acab
175 962 292 1027 ultimo
311 974 500 1047 repetatur,
534 987 575 1026 ne
596 965 636 1026 ad
657 976 835 1028 extremum
858 965 1053 1048 prodeatur,

10 1102 26 1139 s
83 1068 223 1159 Qquid,
256 1070 413 1155 quod.ad
432 1094 501 1134 rem
521 1074 706 1155 pertineat,
739 1082 985 1154 praetereatur,
1020 1084 1056 1137 et

10 1210 17 1247 ,ι
82 1178 208 1255 ιιιίιιο,
238 1200 323 1263 quae
340 1189 515 1263 praecepta
532 1179 573 1243 de
589 1179 750 1244 brevitate
766 1191 865 1257 sunt,
895 1180 959 1243 boc
975 1202 1056 1263 quo-

82 1286 173 1367 peis
194 1308 313 1371 genere
329 1298 406 1349 sunt
427 1288 660 1351 conservando.
701 1289 783 1351 Nam
812 1309 907 1370 saepe
930 1308 982 1349 res
1003 1296 1055 1350 est

78 1412 167 1475 μιιιιι
182 1392 352 1457 intellecta
366 1394 572 1477 longitudine
590 1394 711 1479 magis,
735 1416 835 1479 quam
851 1395 1054 1459 obscuritate

16 1554 25 1565 .
78 1492 270 1567 urratiouis.¹
305 1506 353 1565 Ac
371 1502 477 1565 verbis
492 1524 623 1586 quoque
642 1502 796 1567 dilucidis
813 1502 972 1567 utendum
985 1512 1053 1567 ests

16 1638 25 1655 -·
75 1628 123 1693 quo
140 1610 180 1675 de
199 1632 318 1695 genere
340 1608 467 1673 dictum
490 1621 541 1674 eat
562 1611 596 1672 in
620 1612 802 1694 praeceptis
822 1611 1054 1695 eloquutionis.

68 1710 234 1781 Probabilis
250 1720 312 1783 erit
328 1718 492 1799 narratio,
514 1720 541 1782 ai
559 1720 593 1779 in
611 1742 648 1781 ea
668 1718 865 1781 ridebuntur
877 1720 984 1805 inesse
1003 1740 1053 1797 ea,

10 1863 12 1869 ·
64 1844 139 1909 quae
155 1826 266 1889 solent
286 1834 440 1911 apparere
458 1826 493 1887 in
506 1828 673 1901 ,veritum
708 1827 736 1887 si
758 1848 970 1909 personarum
988 1825 1055 1909 dig·

63 1934 174 1999 titates
190 1936 430 2010 servabuntur3
455 1935 483 1998 si
499 1957 616 1998 causae
631 1937 794 1999 factorum
809 1936 1000 2009 exstabunt,
1024 1933 1053 1995 si

33 2088 45 2113 ,-
59 2042 153 2107 luisao
170 2042 347 2105 facultates
365 2042 513 2105 lisciandi
535 2043 754 2117 videbuntur3
786 2042 813 2105 ai
838 2052 965 2127 tempus
988 2042 1056 2103 ido·

59 2172 166 2229 acum,
189 2152 215 2212 si
232 2150 329 2236 spatii
351 2150 442 2226 satis,
466 2150 494 2211 si
514 2149 608 2213 locus
626 2162 832 2235 opportunus
848 2150 890 2212 ad
910 2149 1056 2213 eamdem

25 2275 28 2281 '
58 2278 145 2339 retu,
166 2280 232 2343 qua
252 2258 294 2321 de
314 2277 352 2321 re
366 2259 568 2333 narrabitur,
592 2259 693 2319 fuisse
711 2258 904 2320 ostendetur
914 2284 923 2331 ς
956 2258 983 2319 si
1001 2278 1054 2319 res

60 2374 92 2431 tl
103 2366 143 2435 td
160 2388 296 2445 eorum,
319 2366 376 2451 qui
396 2376 516 2450 agent,
541 2377 690 2430 naturam
710 2376 742 2427 et
758 2366 799 2427 ad
814 2365 903 2447 vulgi
918 2384 1053 2441 morem,

63 2484 93 2537 et
107 2476 152 2539 ed
171 2496 305 2553 eorum,
335 2474 392 2559 qui
411 2473 567 2552 audiunt,
593 2474 783 2559 opinionem
800 2460 1064 2535 accommodasti

45 2590 121 2645 'tun
163 2586 230 2665 (De
252 2584 322 2645 luv.
342 2584 362 2646 1.
385 2585 409 2648 Ι.
427 2606 456 2647 c.
477 2587 627 2668 ¹9-²²·)
648 2582 692 2661 ’Ἴ

105 2836 228 2911 ‘Mlilsii
250 2850 292 2893 ast
311 2841 344 2892 in
363 2838 484 2893 historia
502 2856 577 2909 pura
597 2850 625 2891 st
648 2837 756 2890 illustri
779 2835 914 2889 brevitate
938 2828 1058 2891 dulcius.

143 2934 259 2999 Cicero,
278 2936 357 2989 arus.
372 2950 396 2989 c.
410 2938 453 3005 76.
474 2936 497 3002 §.
513 2936 574 2989 ssa.

10 3066 19 3099 :.
96 3024 133 3099 “)
148 3030 188 3084 (ll
210 3032 299 3085 Cicer.
315 3032 385 3084 Part
405 3038 472 3083 orat.
489 3046 512 3083 c
527 3049 552 3099 p
572 3027 619 3081 ubi
632 3027 701 3079 baec
716 3024 971 3097 praecipiuntum
958 3024 1012 3076 «.c
1025 3022 1059 3078 F.

87 3182 90 3189 ,
85 3126 276 3197 Quid?'
268 3144 297 3179 ιιι
320 3128 509 3186 narratione,
537 3142 610 3196 quae
632 3123 742 3175 tandem
764 3120 949 3175 conservanda
971 3115 1059 3172 sunt?

89 3289 92 3293 .
145 3220 177 3276 0.
194 3222 223 3277 1³.
243 3220 380 3291 Quonrsm
395 3221 513 3273 narratio
528 3229 569 3272 est
583 3236 671 3272 rerum
686 3218 851 3289 explicatro
880 3225 908 3269 ct
924 3213 1059 3286 quaedam

145 3334 224 3389 quau
215 3316 317 3369 sedes
336 3332 369 3368 ac
383 3316 593 3367 fundamentum
610 3312 821 3365 constituendae
836 3310 915 3373 fidci,
943 3325 975 3361 ea
996 3315 1062 3360 sunt

126 3386 175 3463 'iu
195 3404 382 3465 ea'aervanda
402 3412 535 3473 maxime,
563 3426 635 3479 quae
656 3408 738 3461 etiam
758 3407 787 3457 in
808 3404 921 3477 reliquis
941 3402 997 3455 fere
1020 3402 1063 3453 di-

146 3507 227 3561 eeudi
248 3506 385 3579 partibus:
419 3525 490 3578 quac
511 3506 607 3577 partim
626 3514 691 3558 sunt
711 3504 880 3565 necessaria,
907 3499 1004 3572 partim
1022 3517 1065 3551 as·

147 3612 234 3655 sumta
246 3601 283 3653 ad
295 3601 457 3657 ornandum.
488 3600 556 3653 Num
573 3609 605 3653 ut
617 3600 740 3651 dilucide
754 3597 988 3670 probabiliterque
1002 3611 1066 3645 nar·

10 3702 16 3715 ’
132 3698 252 3761 ¹'rerrraas,
271 3697 455 3752 necessarium
471 3705 527 3749 est:
552 3695 599 3748 sed
616 3693 776 3746 assumimus
793 3693 875 3745 ctiam
889 3691 1063 3744 suavitatem·

150 3791 214 3861 Ergo
234 3792 271 3847 ad
291 3790 418 3846 dilucide
439 3791 602 3845 narrandum
625 3790 721 3843 eadem
746 3789 795 3840 illa
816 3788 955 3859 superiora
977 3783 1065 3855 expli·
