2610 4800
505 457 691 533 1454

146 668 233 722 esset
248 657 386 741 pictura,
404 650 473 744 'nisi
489 675 571 739 quae
587 647 692 718 linens
708 653 805 732 inodo
820 663 979 716 extremas
999 656 1138 739 umbras,

51 778 53 783 '
109 819 112 823 .
147 787 245 850 quum
265 786 400 846 corpora
420 762 453 823 in
471 764 541 825 sole
559 764 733 839 iecissent,
757 763 1056 826 circumscriberet.
1098 760 1142 827 Ac·

95 946 99 950 .
147 876 172 935 si
199 872 306 936 omnia
333 891 548 956 percenseas,
580 872 671 936 uuila
695 872 740 931 sit
767 893 817 933 ars
829 915 839 947 ,
874 871 981 954 qualis
1015 872 1140 963 inventa¹

147 989 212 1058 cst,
237 1002 298 1042 nec
313 980 399 1040 intra
416 980 548 1040 initium
568 980 676 1058 stetitr
702 978 765 1040 nisi
779 981 869 1041 ¹forte
888 991 999 1043 nostra
1016 981 1139 1065 potissi·

147 1113 234 1150 mum
256 1080 401 1172 tempora
422 1089 611 1150 damnamus
631 1087 728 1170 insius
747 1089 974 1167 infelicitatis,
1008 1101 1047 1152 ut
1062 1109 1153 1152 nunc·

85 1226 93 1233 ’
147 1197 278 1260 demum
305 1206 431 1258 crescat
461 1181 555 1257 nibil.
594 1197 683 1258 Nihil
708 1209 818 1259 autem
842 1198 962 1261 crescit
990 1198 1142 1267 solaimi·

147 1305 281 1368 tatione.
321 1305 449 1383 Quodsi
464 1305 627 1388 prioribus
646 1303 788 1388 adjicere
807 1307 855 1366 fas
873 1327 939 1366 non
962 1315 1035 1384 est,
1068 1327 1144 1389 quo·

51 1409 64 1432 ⁴
146 1412 242 1475 modo
273 1433 403 1494 sperare
431 1433 605 1494 possumus
631 1411 721 1472 iilum
746 1410 909 1474 oratorem
943 1412 1146 1497 perfectum?

146 1517 275 1581 cumin
296 1519 370 1595 his,
392 1541 475 1602 quos
495 1518 649 1580 rn‘aximos
668 1519 774 1580 adbuc
794 1518 965 1597 novimus,
992 1542 1086 1582 nemo
1106 1519 1148 1581 sit

54 1650 56 1660 ’
148 1627 326 1702 inventus,
348 1626 380 1687 in
404 1650 470 1710 quo
491 1625 572 1687 nibil
591 1637 649 1688 aut
668 1626 874 1688 desideretur
894 1637 952 1688 aut
974 1629 1148 1712 repreben-

148 1733 254 1794 datur.
295 1733 492 1808 sedetiam,
525 1734 582 1816 qui
606 1735 731 1794 sumina
753 1756 819 1795 non
838 1746 995 1818 appetent
1014 1748 1153 1798 conten-

149 1840 225 1928 dere
248 1837 359 1927 potius
384 1864 482 1924 quam
509 1843 603 1924 sequi
626 1842 755 1903 debent.
805 1843 886 1909 Nam
913 1843 970 1925 qui
994 1843 1079 1926 agit,
1102 1831 1153 1909 'ut

147 1943 317 2033 prior'sit,
340 1950 478 2012 forsitan
500 1949 617 2026 etiam,
642 1949 668 2009 si
687 1969 753 2009 nou
772 1949 957 2026 transierit,
986 1950 1148 2034 aequabit.

131 2057 232 2122 ¹Eum
254 2047 333 2120 uero
359 2078 453 2145 nemo
482 2067 590 2140 potest
617 2077 776 2139 aequare,
812 2056 906 2142 cujus
923 2047 1070 2143 vestigiis
1086 2060 1144 2124 sibi

148 2164 265 2248 utique
288 2141 504 2227 insistendum
527 2173 630 2249 putat.
673 2160 815 2243 Necesse
840 2175 889 2227 est
912 2167 1003 2228 enirn
1025 2189 1136 2249 semper

80 2351 83 2357 ι
149 2271 192 2334 sit
224 2264 404 2362 posterior,
433 2271 491 2352 qui
520 2271 681 2353 sequitur.
735 2272 827 2334 Adde
849 2274 938 2356 quod
956 2272 1153 2363 pierumque

131 2377 283 2456 «facilius
309 2383 376 2454 est,
410 2378 484 2461 pius
509 2379 619 2445 facere
639 2393 735 2460 quam
751 2376 852 2440 idem.
902 2382 1042 2443 Tantam
1062 2382 1153 2444 enid-

151 2480 375 2547 difficultatem
395 2484 539 2547 babet
513 2506 584 2545 ιιιιιι
580 2481 715 2564 ilitudo‘,
739 2497 775 2548 ut
790 2509 840 2550 ne
862 2487 930 2572 ipsu
948 2491 1076 2572 quidem
1090 2510 1126 2550 us·

148 2592 258 2654 tura
249 2613 283 2653 ιιι
301 2591 394 2652 boc
386 2604 431 2654 ιιι
451 2593 628 2669 evaluerir,
650 2605 687 2656 ut
710 2615 775 2655 non
796 2617 846 2657 res
868 2597 1153 2693 simpiicissipne,

144 2720 301 2785 'quaeque
322 2719 415 2791 pares
434 2701 571 2762 maxime
595 2701 788 2780 videantur,
823 2703 940 2785 utique
961 2696 1153 2781 tiberinus,¹

88 2868 92 2878 ,
149 2808 257 2890 atiquo
291 2807 528 2869 discernantur.
589 2808 700 2885 Adde,
740 2808 829 2892 quod
865 2810 1029 2894 quidquid
1055 2784 1153 2870 alteri}

107 2963 109 2969 .
148 2915 254 2977 simile
280 2925 345 2977 est
342 2936 489 2977 necesse
514 2925 563 2978 est
586 2918 695 2979 minus
721 2917 764 2978 sit
789 2938 848 2996 eo,
883 2918 984 3001 quod
993 2918 1130 2991 imitatur,

79 3083 86 3103 ,
148 3031 186 3085 ut
205 3018 473 3106 umbra'corporc
499 3033 532 3085 et
552 3023 656 3108 imago
678 3025 764 3099 facie
784 3034 817 3089 et
842 3036 934 3088 actus
953 3027 1131 3090 bistriouuu

161 3168 532 3183 m

233 3253 426 3328 quiddicant,
454 3272 537 3309 unam
552 3255 665 3310 dicendi
680 3256 791 3312 laudem
807 3259 908 3329 putant
922 3277 1001 3325 csse,
1031 3258 1133 3312 breviu-

155 3383 159 3392 ·
233 3361 293 3427 tem.
329 3330 487 3402 Paultulnm
508 3351 659 3416 reerexit,
691 3353 850 3426 staddidit
872 3353 1002 3408 historiae
1025 3356 1135 3423 majorca

232 3461 329 3504 sonum
354 3445 430 3502 vocis
459 3444 499 3498 vir
522 3439 678 3516 optimus,‘
694 3446 782 3500 Crassi
805 3446 960 3514 familiarii,
993 3451 1134 3520 Antipater

232 3538 318 3593 ceteri
331 3556 388 3592 nun
406 3550 581 3595 exornatores
596 3559 701 3610 rerunt,
730 3542 778 3594 sed
793 3536 986 3596 tantuiurnodo
1002 3554 1139 3598 narratores

159 3669 160 3672 =
233 3633 353 3693 fuerunt.
390 3633 454 3694 Est,
475 3635 566 3706 inquit
580 3635 713 3701 Catulus,
733 3645 765 3689 ut
780 3635 848 3690 dicis
856 3651 866 3689 ι·
882 3637 931 3697 sed
945 3639 999 3696 istc
1012 3638 1069 3711 ipse
1082 3638 1141 3691 Cac-

118 3724 122 3732 '
231 3729 287 3782 lius
304 3724 396 3800 n'eque
419 3729 545 3784 distinxit
570 3730 709 3789 historiam
732 3733 864 3794 varietate
889 3732 1035 3798 iocorum,
1061 3742 1138 3803 neqot

230 3825 374 3880 verborum
390 3826 587 3894 collocatione3
616 3837 644 3881 et
658 3837 747 3880 tractu
766 3829 895 3882 orationis
908 3829 984 3888 leui,
1006 3839 1036 3882 et
1052 3842 1142 3900 acqua·

230 3921 281 3974 biii
299 3921 443 3994 perpolivit
455 3921 527 3974 iliud
546 3940 629 3993 opus:
655 3923 704 3976 sed
719 3933 751 3976 ut
766 3923 846 3977 homo
860 3941 953 3996 neque
968 3918 1083 3987 doctus,
1101 3939 1142 3974 ιιι·

232 4035 286 4087 que
315 4015 431 4070 monime
451 4027 531 4088 aptus
556 4018 776 4083 addicendum,
802 4021 875 4073 sicut
895 4020 1006 4093 potuit,
1036 4017 1148 4079 dolaritg'

128 4165 133 4175 ,
232 4113 297 4163 sicit
313 4121 422 4178 tamen,
444 4121 474 4166 ut
489 4112 575 4179 dicis,
594 4114 752 4186 superiores.
770 4136 783 4163 ι
