2610 4800
588 376 675 497 aar
731 523 737 531 η

162 644 166 675 ε
195 619 407 705 Disceptatio.
430 640 534 702 quum
565 630 617 681 est
640 619 840 697 constituta,
873 623 1036 706 proposita
1060 626 1131 686 aare

131 728 230 793 debet
250 727 394 800 oratori,
425 748 492 809 quo
517 747 630 788 omnes
654 722 951 809 argumentationes
973 730 1130 814 repetitae

131 832 172 899 si
191 828 402 899 inveniendis
427 834 509 896 locis
538 832 769 918 conjiciantur.
812 836 909 914 Quod
934 858 1130 920 quamquam

131 944 221 1007 satis·
237 955 288 1005 est
304 943 351 1018 ei,
384 942 440 1024 qui
463 941 572 1019 videt,
607 941 687 1024 quid
708 941 742 1001 iu
765 963 897 1024 quoque
921 942 1130 1021 locuturas,

131 1052 260 1141 quique
282 1050 356 1111 illos
373 1049 485 1126 locos,
514 1061 680 1132 tamquam
697 1047 868 1112 thesauros
888 1051 1017 1133 aliquos
1036 1072 1132 1135 argu-

131 1168 338 1232 mentorum,
381 1167 510 1219 notatos
548 1156 665 1228 babet;
701 1167 810 1219 tamen
838 1180 896 1235 ea,
938 1180 1022 1241 quae
1053 1172 1131 1222 suut

131 1278 297 1329 certarum
322 1286 494 1326 causarum
520 1265 671 1346 propria,
702 1276 881 1346 tangemus.
919 1266 970 1336 ¹lu
998 1258 1131 1351 conjec-

131 1383 205 1437 rura
222 1372 323 1456 igi-tur
348 1395 450 1454 quum
468 1381 517 1433 est
539 1371 711 1432 infitiando
730 1393 805 1432 reus
816 1417 825 1451 ,
849 1375 1033 1435 accusatori
1049 1376 1129 1439 haec

131 1481 197 1543 duo
221 1481 326 1563 prima
351 1490 448 1555 sunt,
478 1479 553 1557 (sed
582 1488 806 1541 accusatorem
830 1501 889 1561 pro
908 1481 998 1541 omni
1018 1492 1129 1544 actore

131 1598 163 1650 et
181 1589 325 1671 petitore
345 1587 500 1670 adpello:.
523 1595 662 1671 possunt
681 1587 767 1647 enim
783 1588 882 1649 etiam
908 1589 978 1651 aine
992 1611 1129 1652 accusa·

131 1704 203 1759 tore
231 1695 264 1755 in
295 1695 401 1757 causis
432 1693 512 1757 haec
540 1693 652 1755 eadem
682 1695 981 1758 controversiarum
1008 1718 1127 1779 genera

129 1803 293 1881 ἐαυτῆς
325 1802 383 1865 sed
400 1802 481 1865 baec
502 1801 567 1861 duo
589 1810 667 1862 sunt
687 1801 836 1886 eiprima
860 1825 957 1866 causa
978 1810 1129 1867 et‘even·
1183 1834 1194 1857 ι
1220 1818 1223 1829 ·

131 1920 195 1973 tus.
249 1913 385 1971 Causam
414 1908 544 1992 arlpello
571 1909 732 1970 rationem
757 1910 939 1984 efficiendi3
975 1923 1127 1975 eventum

130 2020 187 2098 id,
217 2018 307 2102 quod
334 2030 382 2082 est
408 2019 569 2080 effectum.
612 2018 715 2099 Atqui
744 2018 813 2102 ipsu
837 2020 968 2102 quidem
992 2020 1127 2103 partitio

131 2148 301 2193 causarum
316 2126 426 2211 paullo
442 2135 517 2188 aute
538 2127 572 2186 in
593 2125 755 2187 suasionis
771 2128 853 2189 locis
874 2128 1048 2191 distributa
1066 2138 1125 2191 est.

131 2240 223 2316 Quae
243 2224 329 2298 onim
350 2236 383 2295 in
404 2234 544 2298 consilio
564 2234 722 2317 capiendo
743 2236 845 2297 futuri
864 2236 1018 2319 temporis
1039 2259 1127 2319 prae·

131 2344 354 2428 cipiebantur,
391 2344 599 2426 quamobrem
630 2354 686 2405 aut
725 2343 901 2406 utilitatem
936 2344 1126 2422 riderentur

131 2452 300 2530 habitura,
328 2463 385 2513 aut
410 2449 570 2512 alliciendi
594 2450 807 2528 fucultatem,
836 2451 968 2533 eadem,
1005 2453 1062 2535 qui
1085 2453 1125 2515 de

131 2561 219 2622 lacto
238 2559 534 2642 argumentabitur,
564 2556 716 2639 colligere
735 2557 884 2631 debebit,
917 2562 1126 2641 quamobrem

131 2676 164 2731 et
193 2667 290 2730 utilia
321 2666 388 2744 illi,
422 2689 517 2750 quem
546 2676 679 2748 arguet,
718 2666 819 2728 fuisse
849 2678 882 2728 et
908 2669 948 2728 ab
973 2690 1011 2730 eo
1043 2667 1125 2728 effici

131 2775 277 2858 potuisse
304 2774 513 2837 demonstret.
557 2773 715 2836 Utilitatis
740 2771 930 2856 conjectura
953 2787 1121 2850 moretur,

130 2881 158 2942 si
174 2881 269 2957 illud,
293 2858 382 2964 quod
398 2858 546 2964 arguitur
559 2893 616 2943 aut
631 2902 688 2963 spe
706 2881 877 2956 bonorum,
899 2890 956 2942 aut
967 2881 1125 2943 malorum

131 3002 220 3052 metu
241 2990 359 3051 secisse
386 2990 526 3062 dicitur;
564 2989 652 3072 quod
680 2990 716 3048 fit
744 2989 872 3066 acrius,
906 3009 972 3070 quo
1002 2989 1057 3048 illa
1089 2991 1124 3049 in

131 3106 271 3179 atroque
294 3118 412 3180 genere
436 3095 556 3180 majora
582 3105 760 3178 ponuntur.
803 3096 1001 3179 Spectentur
1027 3096 1125 3157 stiam

130 3204 171 3264 ad
190 3225 321 3271 causum
345 3205 424 3266 facti
447 3215 553 3265 motus
576 3206 778 3280 animorum,
810 3202 836 3261 si
860 3202 909 3261 ira·
926 3224 1062 3279 recens,
1097 3203 1124 3264 ai

131 3309 243 3373 odium
255 3322 368 3385 vetus,
392 3312 417 3370 si
436 3310 617 3372 ulciscendi
631 3311 787 3388 studium,
811 3310 839 3369 si
854 3307 993 3393 injuriae
1009 3310 1121 3382 dolor;

131 3416 157 3477 si
174 3418 330 3497 honoris,
360 3419 389 3479 si
414 3419 553 3501 gloriae,
585 3419 612 3477 si
632 3417 777 3501 imperii,
808 3417 835 3476 si
855 3417 1123 3502 pecuniaecupi·

131 3529 213 3591 ditas
228 3553 236 3600 ς
250 3527 290 3588 ‘si
306 3526 444 3609 periculi
461 3527 581 3600 timon,
603 3525 630 3585 si
650 3546 702 3586 aes
726 3524 887 3600 alienum,
910 3525 938 3584 si
957 3525 1123 3616 angustiae

131 3635 177 3698 rei
208 3635 397 3708 familia-riu
432 3635 459 3695 si
493 3633 616 3708 audax,
650 3633 679 3693 si
712 3632 815 3709 levis,
848 3633 875 3693 si
902 3632 1061 3710 crudelis,
1094 3631 1123 3693 si

131 3743 312 3827 impotens,
347 3742 374 3802 si
400 3743 571 3816 incautus,
603 3741 629 3799 si
662 3739 837 3822 insipiens,
871 3740 899 3801 si
929 3761 1072 3820 amans,
1094 3739 1122 3800 si

131 3859 293 3913 commota
311 3841 449 3925 ruente,
463 3849 489 3910 si
507 3848 715 3920 vinolentum
740 3847 857 3909 sicum
874 3869 929 3931 spe
946 3846 1119 3921 efficiendi,

131 3960 157 4020 ai
182 3981 257 4020 cum
283 3959 437 4042 opinione
466 3956 610 4029 celandi,
642 3966 716 4032 aut,
747 3956 776 4015 ai
794 3957 994 4037 patefactum
1016 3962 1119 4028 esset,

131 4066 314 4149 depellendi
344 4064 514 4142 criminis,
540 4065 591 4126 vel
622 4062 852 4146 perrumpendi
876 4062 1035 4146 periculi,
1067 4061 1119 4121 vel
1222 4156 1224 4161 Ι
1269 4058 1271 4064 ’
