2610 4800
625 328 680 444 to

144 576 249 635 Ἔστι
283 569 312 629 δ’
340 567 424 653 ἀρχὴ
459 567 517 643 τῆς
553 564 667 641 λέξεως
707 565 748 628 τὸ
772 563 1009 641 fiili-usitati.
1064 564 1161 647 llbid.

154 701 183 743 θ·
202 680 250 758 5·)
269 677 307 758 *i
334 713 372 726 ··
395 711 437 726 ··
459 711 501 724 ··

594 893 618 973 S·
661 895 712 959 17.

444 1050 645 1119 Quintilianus.
679 1047 764 1120 (Inst.
783 1044 868 1118 orat.)

228 1211 390 1295 (Igitur),
432 1231 532 1292 quam
565 1209 682 1271 Graeci
711 1211 839 1292 φράσιν
866 1216 1028 1285 vocant„
1057 1208 1160 1272 Latini

159 1319 298 1382 dicimus
332 1320 572 1381 elocutionem·
610 1315 653 1396 (l.
684 1318 772 1380 VIII.
807 1339 834 1379 o.
870 1319 913 1392 1.)
944 1314 1000 1392 Ἦ,
1044 1353 1091 1366 -
1128 1352 1161 1367 -

157 1429 280 1513 Eloqui
297 1427 365 1500 hoc¹
381 1435 448 1506 est,
472 1424 579 1488 omniu
589 1470 598 1504 ,
623 1447 706 1509 quae
722 1435 831 1488 monte
847 1425 1068 1506 conceperis,
1093 1447 1161 1512 pro-

157 1548 364 1620 moneatque
386 1533 426 1596 ad
444 1534 613 1609 audientes
632 1535 798 1619 perferre,
822 1530 893 1592 sine
916 1553 981 1613 quo
1002 1536 1161 1616 superva-

158 1668 220 1727 cnu
244 1655 322 1708 sunt
341 1644 459 1728 priora
487 1643 638 1723 (videlic.
664 1641 813 1705 inventio
843 1651 875 1703 et
901 1622 1108 1722 dispositio)
1140 1652 1160 1706 el

154 1753 279 1821 similia
296 1751 402 1834 gladio
422 1751 556 1812 condito
570 1759 675 1833 ‘atque
695 1749 782 1811 intra
803 1748 954 1830 vaginam
971 1764 1081 1811 suum¹
1094 1751 1162 1813 hue·

158 1859 246 1924 renti
265 1859 336 1938 ***).
377 1859 448 1933 Hoc
461 1857 583 1940 ‘itaque
603 1855 741 1918 maxime
764 1855 921 1929 docetur3
951 1853 1016 1918 hoc
1051 1860 1163 1922 nullus

164 2015 518 2036 Μ

144 2144 157 2152 ”
193 2137 220 2210 *)
243 2136 291 2196 Τὸ
310 2136 492 2206 Ἑλληνίζειν
510 2135 645 2207 significat
663 2155 753 2210 «pure
773 2146 800 2192 et
818 2147 893 2192 recte
910 2136 996 2210 loqui.
1008 2158 1022 2187 u

166 2231 223 2303 ·**)
246 2232 417 2286 Monendum
442 2232 569 2298 videtur,
596 2229 778 2323 Quintiliani,
808 2251 860 2287 nec
882 2252 939 2286 non
962 2231 1114 2288 Ciceronis
1139 2233 1167 2288 dt

246 2327 404 2383 elocutione
422 2337 584 2402 praecepta,
609 2329 730 2400 inprimis
752 2329 787 2382 ad
806 2330 991 2384 elocutionem
1010 2336 1167 2399 oratorias

246 2422 358 2489 referri,
385 2423 475 2479 valere
495 2432 588 2476 autem
606 2441 634 2479 re
653 2442 734 2490 vera,
761 2433 793 2476 ut
811 2414 1017 2496 proponuntur,
1045 2425 1168 2496 (omissis

247 2518 355 2571 scilicet
373 2515 549 2587 omittendis)
568 2517 603 2570 de
623 2517 782 2571 elocutione
799 2518 830 2570 in
849 2536 953 2586 genere.
979 2524 983 2531 '

169 2607 221 2682 ***)
245 2615 352 2666 Auctor
369 2611 409 2664 ad
424 2595 604 2666 Herennium*
620 2612 806 2666 elocutionem
830 2615 869 2666 ita
888 2613 1000 2666 definit:
1036 2614 1167 2672 Elocutis

249 2717 290 2759 est
308 2707 471 2759 idoneorum
489 2705 634 2760 verborum
653 2716 681 2760 et
699 2710 896 2762 sententiarum
922 2708 957 2761 ad
978 2708 1168 2766 inventionem

248 2801 474 2855 accommodatio.
520 2801 563 2874 (l.
589 2806 610 2856 I.
640 2819 664 2857 c.
691 2803 740 2875 n.)
772 2836 804 2847 —
856 2806 899 2857 De
930 2803 1043 2872 singulis
1079 2807 1166 2861 verbis

246 2895 332 2962 haec,
353 2913 437 2969 quam
454 2894 626 2971 brevissimo,
646 2899 720 2968 legas
737 2900 813 2972 apud
833 2900 959 2949 Ciceron.
994 2898 1056 2970 (De
1076 2903 1167 2973 partit.

145 3036 155 3057 ,
248 3002 316 3047 orat.
349 3008 372 3047 c.
399 2992 431 3045 V.
465 2988 500 3064 §§.
531 2994 561 3047 16
586 3004 614 3047 et
643 2985 722 3064 17.):
761 2992 850 3045 Prima
877 2992 916 3043 vis
944 3002 984 3045 est
1008 2992 1037 3044 in
1064 2996 1168 3068 simpli-

248 3087 328 3142 cibus
345 3087 450 3156 verbim
471 3089 501 3141 in
514 3089 668 3157 conjunctis
687 3086 819 3140 secunda.
848 3087 987 3158 Simplicia
1001 3088 1167 3143 inveniende

249 3191 331 3250 sunt3
357 3185 508 3253 conjuncta
534 3180 706 3237 collocanda.
742 3180 778 3233 Et
802 3181 935 3252 simplicia
960 3181 1042 3236 verba
1070 3186 1167 3255 partim

248 3277 343 3331 nativa
360 3285 441 3341 sunt,
467 3274 566 3346 partim
584 3285 697 3346 roperta.
732 3275 897 3340 Nationes,
925 3293 996 3349 quae
1014 3277 1167 3345 significata

152 3392 156 3402 ·
249 3378 316 3426 sunt
340 3385 437 3436 sensu3
467 3379 591 3441 reperta,
620 3389 691 3443 quae
717 3390 751 3427 ex
775 3371 816 3424 his
842 3372 913 3425 lacto
935 3381 1000 3426 sunt
1018 3382 1046 3425 et
1064 3380 1168 3443 novate

249 3477 299 3522 aut
316 3464 498 3520 similitudine
516 3475 564 3519 sut
581 3467 734 3521 imitatione
753 3477 802 3520 a'ut
817 3467 966 3522 inflexione
985 3477 1034 3520 aut
1049 3469 1168 3541 adjunt-

251 3561 328 3616 tione
345 3561 498 3616 verborum.
533 3560 623 3633 Atque
647 3563 796 3619 etium‚1est
814 3562 882 3615 haee
901 3563 1040 3616 distinctio
1059 3564 1089 3614 in
1109 3584 1168 3619 ver-

250 3652 308 3721 tiu
334 3658 420 3711 altera
444 3666 560 3722 natura,
587 3659 750 3713 tractatione
775 3658 868 3713 altere.
904 3657 1034 3719 Natura,
1061 3667 1094 3710 ut
1113 3663 1169 3714 sint

177 3732 180 3739 ¹
252 3747 307 3800 slis
324 3754 494 3819 sonantiora,
521 3752 681 3822 grandiora,
712 3744 816 3810 leviora
834 3763 863 3808 et
880 3753 1081 3826 quodammodo
1101 3754 1169 3808 niti-

252 3842 343 3907 diora,
363 3837 417 3900 aiis
433 3859 544 3917 eontra;
570 3851 742 3905 tractatione
760 3860 869 3914 sutem,
888 3837 976 3923 quum
993 3860 1042 3901 aut
1059 3852 1169 3920 propriis

252 3946 399 3992 sumuntur
422 3959 511 3996 rerum
534 3944 687 4010 vocabula,
721 3953 771 3998 sut
795 3945 889 3999 addita
913 3944 948 4017 ad
967 3962 1084 4008 nomen,
1118 3954 1168 3998 aut

252 4049 340 4101 novt,
373 4044 423 4090 sut
446 4038 552 4110 prisce,
587 4047 637 4094 sut
659 4039 694 4093 sb
717 4049 822 4096 oratore
845 4039 1002 4114 modificata
1020 4048 1049 4094 et
1065 4038 1189 4094 inflen-
