2610 4800
635 425 719 509 458

179 655 236 697 sna
250 633 319 717 ipse
333 652 474 715 persona
491 631 755 716 frequentissime
770 629 948 714 praecipit:
965 633 1060 713 -qutn
1072 629 1181 693 ‘etiarn

177 741 278 803 libros
305 741 451 803 Platonis
477 751 578 824 atque
597 739 825 822 Xenophontis
853 738 956 800 edidit
972 736 1036 799 hoc
1062 759 1182 820 genere

176 842 353 910 translatos
371 848 408 927 *)'.
449 847 486 909 ld
504 847 658 910 Messalae
675 847 813 930 placuit,
836 847 1024 928 multaeque
1043 855 1124 907 sunt
1142 846 1181 907 ab

179 977 218 1018 co
235 956 376 1038 scriptae
391 947 432 1017 ad
447 955 537 1017 bunc
555 954 687 1017 modum
705 956 893 1026 orationes:¹
910 926 1002 1031 adeo,
1026 962 1066 1014 ut
1081 953 1180 1016 etiam

178 1059 260 1126 oum*
284 1050 344 1124 illa
365 1063 536 1147 Hyperidis
561 1084 622 1145 pro
643 1061 774 1145 Phryne
803 1061 993 1124 difficillima
1022 1060 1179 1124 Romanis

90 1170 96 1184 “
180 1171 360 1232 subtilitate
377 1170 601 1238 contenderet
642 1170 687 1234 Et
707 1170 877 1232 manifesta
894 1179 947 1232 est
971 1169 1180 1231 exercitatio·

181 1278 232 1341 nis
250 1275 387 1361 hujusce
404 1279 499 1341 ratio.
541 1279 622 1341 Nam
633 1289 672 1340 et
690 1277 801 1340 rernm
816 1277 911 1361 copia
924 1260 1049 1339 Graeci
1066 1288 1180 1339 ancto-

123 1425 128 1449 ;
178 1407 231 1449 res
250 1358 418 1447 abundanl
445 1397 478 1463 ct
497 1382 682 1470 'plurimum
694 1387 772 1449 artis
795 1385 829 1446 in
847 1385 1014 1468 eloquent
1005 1408 1070 1446 ram
1082 1387 1182 1447 intu-

178 1494 308 1558 lerunt.
353 1505 386 1557 et
422 1494 483 1557 hos
517 1495 791 1558 transferentibus
822 1495 930 1556 rerhis
965 1493 1015 1555 uti
1047 1493 1178 1578 optimis

153 1603 275 1665 licet:
308 1602 460 1665 omnibus
485 1604 573 1666 enim
593 1597 872 1677 utimurinostris.
906 1598 1051 1685 ⁸Figurae
1079 1624 1179 1680 vero,

180 1712 300 1795 quibus
326 1711 462 1774 maxim'e
485 1721 622 1773 ornatur
638 1711 761 1789 oratio,
792 1710 911 1771 multas
933 1708 1100 1773 aerarias
1125 1732 1183 1773 ex-

180 1819 347 1901 cogitandi
367 1818 465 1880 etiam
477 1819 662 1917 necessitas
681 1817 858 1902 quaedam
855 1827 920 1881 est:
944 1818 1022 1901 quia·
1034 1819 1184 1902 plerum·

179 1939 331 2011 rumque
340 1949 357 1988 ιι
377 1928 511 1990 Graecis
532 1916 676 1989 Romana
693 1911 954 1990 dissentiunt.

242 2034 307 2098 Sed
328 2045 368 2097 et
393 2034 450 2095 illa
478 2053 526 2097 ex
541 2035 681 2096 Latinis·
678 2034 862 2102 conversio
878 2005 1026 2094 multum
1044 2043 1088 2096 et
1113 2031 1185 2116 ipsa

180 2142 383 2213 contulerit.
412 2141 516 2204 Aede
534 2141 735 2205 carminibus
749 2142 880 2226 quidem
898 2141 1063 2214 neminem
1085 2139 1184 2203 credo

156 2256 161 2266 ‘
180 2250 353 2328 dubitare,
388 2272 455 2332 qno
472 2249 581 2311 solon
562 2273 679 2345 genere
702 2250 945 2312 exercitationis
964 2249 1088 2312 dicitur
1104 2269 1194 2339 usus¹

170 2379 253 2431 ¹esse
285 2358 462 2440 Sulpicius
512 2358 593 2419 Nam
623 2365 655 2419 et
687 2358 835 2420 sublimis
865 2359 1000 2440 spiritus
1031 2357 1185 2420 attollere

184 2465 366 2526 orationem
386 2473 511 2546 potest.
543 2473 576 2526 et
595 2447 735 2543 verba,
750 2463 879 2546 poetica
904 2465 1066 2529 libertate
1085 2464 1185 2525 auda-

182 2571 295 2648 ciora,
328 2564 395 2632 non
417 2582 628 2655 praesumunt
650 2572 761 2637 'eadem
778 2572 908 2656 proprie
926 2572 1059 2634 dicendi
1081 2571 1185 2676 {aeut-

182 2687 294 2767 tatem.
336 2678 447 2740 Sedet
464 2678 542 2761 ipsis
561 2680 733 2742 sententiis
753 2679 893 2764 adjicere
909 2679 990 2743 licet
1005 2679 1184 2741 oratorium

135 2773 140 2783 “
183 2787 285 2847 robur
299 2793 333 2849 et
350 2787 470 2850 omissa
483 2774 656 2871 supplere,
680 2788 780 2849 effusa
797 2789 1027 2870 substringere.
1046 2800 1050 2829 ³
1071 2788 1181 2868 Neque

185 2913 245 2975 ego
267 2893 488 2976 paraphrasim
515 2916 585 2957 esse
613 2894 919 2979 interpretationem
944 2903 1074 2953 tantum
1096 2895 1176 2970 volo,

123 3001 131 3010 ”
186 3002 244 3063 sed
268 3002 357 3064 circa
386 3003 517 3064 eosdem
543 3022 658 3085 sensus
682 3005 845 3066 certamen
872 3012 971 3084 atque
992 3002 1176 3064 aemulatio·

185 3131 272 3172 uem.
289 3099 292 3107 ’
315 3110 458 3193 Ideoque
473 3112 512 3173 ab
529 3111 595 3172 illis
613 3099 782 3186 dissentio,
807 3110 865 3193 qui
879 3121 1006 3172 vertere
1020 3113 1174 3173 orationes
1218 3101 1220 3114 '

107 3235 109 3242 ’
186 3217 320 3280 Latinas
349 3227 481 3297 vetant,
521 3219 598 3302 quia
622 3212 757 3301 ‘optimis
791 3219 980 3302 occupatis,
1023 3215 1173 3302 quidquid

122 3312 129 3412 J
189 3327 309 3389 aliter
306 3327 505 3405 dixerimus,
532 3347 681 3390 necesse
716 3327 758 3390 sit
790 3349 861 3392 esse
894 3327 1082 3390 deterius·
1105 3328 1172 3390 Nan

187 3453 313 3519 neque
317 3457 444 3520 semper
459 3444 508 3498 est
526 3435 801 3538 desperandum,
827 3433 962 3518 aliquid
976 3432 1073 3514 illis,
1101 3453 1173 3518 qnae

89 3617 93 3632 Ι
189 3542 383 3621 dictasunt,
407 3543 536 3619 melius
538 3564 633 3626 posse
650 3530 801 3626 reperiri·
815 3562 935 3626 neque
948 3526 1054 3605 adeo
1044 3541 1174 3633 lejunam

190 3670 228 3712 ao
250 3673 425 3751 pauperem
443 3661 558 3712 natura
579 3650 802 3734 eloquentiam
818 3651 916 3728 fecit,
949 3663 986 3713 ut
1007 3663 1074 3712 uria
1093 3651 1133 3714 de
1147 3669 1175 3711 rs

41 3797 47 3804 -
144 3771 146 3775 ’
189 3757 273 3820 bene
290 3759 356 3821 dici
374 3758 439 3820 nisi
456 3759 555 3822 semel
572 3781 637 3822 non
651 3758 766 3844 possit.
801 3759 870 3822 Nisi
886 3760 971 3822 forte
984 3759 1176 3841 histrionum

194 3895 546 3912 m

232 3981 257 4055 ')
282 3984 407 4036 Platonis
430 3984 542 4055 quidem
567 3984 709 4052 Timaeum
731 3994 760 4039 st
776 3983 969 4053 Protagoram,
994 3983 1177 4056 Xsrroplrontir

203 4115 206 4120 -
279 4088 372 4160 autem
385 4079 606 4134 oeconomicum.
1135 4073 1139 4079 ’
