2610 4800
535 422 625 505 557

131 648 163 688 m
179 622 274 703 aliis,
313 640 399 707 qnae
415 630 547 684 constat
562 640 634 684 esse
650 629 806 706 peccatu,
834 621 918 701 boo,
955 645 1022 708 qno
1041 623 1083 689 ds

131 732 231 796 uestio
253 743 323 808 est,
357 744 576 811 comparatur.-
607 731 705 792 etita
729 753 790 816 per
815 732 1081 809 contentionem,

131 852 206 905 tanto
225 837 370 902 atrocius
388 850 423 900 et
443 837 609 921 indignius
627 839 672 900 sit
689 839 793 917 illud,
817 862 885 923 quo
905 839 944 902 de
962 840 1081 925 agitur,
1109 824 1113 830 ⁹

131 948 278 1011 tenditur.
319 947 475 1009 Decimus
493 946 605 1023 locus,
636 969 697 1031 per
716 969 814 1030 quem
836 947 963 1026 omnia,
998 970 1086 1031 quas

140 1056 269 1140 negotio
288 1054 429 1139 gerendo
448 1068 518 1116 acta
535 1065 633 1129 sunt,
658 1076 807 1138 quaeque
823 1065 899 1138 post
917 1055 1083 1138 negotium

131 1175 259 1226 usecuts
283 1172 382 1238 sunt,
412 1184 489 1224 cum
511 1162 773 1245 uniuscujusque
799 1163 1025 1246 indignatione
1046 1173 1080 1227 et

131 1270 312 1333 minutione
332 1270 533 1354 colligimus,
557 1281 589 1332 et
609 1292 677 1331 rem
695 1271 802 1333 verbis
823 1294 922 1354 quam
943 1272 1081 1336 maxims

131 1378 401 1461 teocutoseius,
435 1376 521 1459 opud
540 1399 637 1460 quem
657 1377 800 1455 dicitur,
835 1380 1010 1464 ponimus,
1045 1390 1084 1443 ut

149 1486 239 1571 quod
254 1486 424 1569 indignum
440 1495 490 1546 est
506 1484 643 1568 perinde
661 1485 708 1545 illi
725 1485 876 1548 videatur
893 1487 1081 1570 indignum:

143 1594 170 1656 si
187 1593 256 1676 ipse
277 1591 484 1668 interfuerit,
518 1613 556 1653 ao
585 1613 738 1674 praeseus
768 1593 897 1655 viderit.
939 1595 1083 1657 Undeci-
1181 1675 1188 1682 ι

131 1723 155 1763 u
174 1701 266 1764 iocus
286 1711 355 1778 est,
379 1721 436 1783 per
456 1721 555 1782 quem
574 1700 797 1778 ostendimus,
827 1702 867 1763 ab
887 1722 925 1763 eo
945 1704 1080 1781 factum,

131 1830 188 1894 guo
213 1813 341 1872 utinime
361 1809 556 1891 oportuerit,
585 1819 618 1870 et
634 1832 652 1869 a
672 1831 758 1892 quo,
793 1809 819 1869 si
834 1810 917 1871 alius
938 1813 1081 1888 fuceret,

131 1917 246 1981 >biberi
278 1919 480 1979 conveniret.
530 1917 753 1983 Duodecimus
788 1917 881 1978 iocus
912 1930 984 1992 est,
1024 1941 1083 2002 per

131 2048 180 2087 em
205 2024 432 2108 indignamur,
466 2025 555 2109 quod
576 2027 666 2088 nobis
688 2026 750 2087 hoc
770 2025 882 2109 primis
903 2027 1081 2105 acciderit,

131 2131 260 2193 rationi
278 2153 423 2214 unquam
445 2152 507 2192 usu
528 2133 683 2194 evenerit.
725 2132 1007 2195 Tertiusdecimus
1031 2133 1082 2196 io-

131 2262 140 2302 t
161 2251 234 2329 est,
259 2240 285 2300 si
306 2262 381 2301 cum
402 2237 519 2322 injuria
540 2242 728 2303 contumelio
742 2240 856 2325 juncta
876 2241 1082 2302 demonstra·
1180 2296 1189 2307 .

131 2371 153 2424 ’,
183 2369 244 2432 per
268 2369 366 2430 quem
392 2347 502 2409 locum
532 2351 565 2411 in
593 2351 774 2432 snperbiam
804 2359 837 2411 et
867 2350 1083 2433 arrogantium

131 2458 193 2517 ium
218 2456 414 2518 concitatur.
468 2458 761 2538 Quartusdecimus
790 2458 882 2519 locus
913 2469 983 2537 est,
1024 2481 1083 2544 per

131 2586 177 2625 em
200 2565 341 2648 petimus
366 2567 405 2628 ab
427 2567 487 2642 iis,
526 2565 759 2650 quietudinum,
804 2577 841 2628 ut
869 2567 914 2626 ed
938 2589 1011 2628 suas
1033 2587 1082 2628 res

131 2683 209 2734 strae
230 2672 371 2754 injurias·
383 2678 545 2736 referant:
577 2674 659 2733 siud
678 2695 794 2756 pueros
818 2675 1017 2756 pertinebit,
1041 2673 1082 2737 de

131 2783 191 2842 eris
208 2779 276 2842 suis
296 2783 457 2866 cogitent:
491 2782 518 2843 si
537 2782 576 2843 ad
597 2781 765 2857 mulieres,
788 2781 829 2844 de
846 2783 1020 2844 uxoribus:
1053 2783 1081 2844 si

137 2910 251 2963 senes,
286 2888 325 2950 de
345 2890 491 2973 patribus
511 2901 568 2952 aut
593 2890 791 2972 parentibus.
843 2889 1082 2969 Quintusdeci-

131 3017 149 3055 ‚s
171 2994 264 3057 iocus
282 3008 353 3074 est,
385 3020 443 3081 per
467 3021 565 3081 quem
584 2997 742 3072 dicimus,
776 2996 918 3059 ini-micis
947 3020 1081 3081 quoque
1103 3014 1109 3081 j

132 3103 280 3165 hostibus
303 3127 360 3180 ea,
390 3127 474 3188 quae
493 3105 586 3166 uobis
605 3104 798 3182 acciderint,
822 3107 956 3188 indigna
976 3105 1081 3168 videri
1129 3098 1131 3103 ¹

131 3232 194 3272 ere.
236 3215 279 3275 Et
306 3211 490 3296 indignatio
515 3213 648 3295 quidem
677 3212 728 3275 his
753 3216 821 3275 fere
848 3214 889 3276 de
908 3214 990 3277 locis
1012 3236 1081 3297 grs-

131 3318 209 3380 sime
229 3329 385 3382 sumetur.
403 3357 442 3369 -
485 3321 748 3406 [conquestionis
766 3333 875 3382 autem
893 3320 1079 3409 bujusmodi

131 3425 230 3487 rebus
246 3438 356 3508 partes
371 3437 481 3510 petere
499 3428 689 3509 oportebit]
725 3430 927 3511 Conquestio
945 3438 993 3490 est
1007 3450 1102 3516 ora-t

131 3577 136 3606 ,
159 3532 348 3595 auditorum
363 3535 617 3597 misericordiam
636 3554 779 3619 captans.
803 3539 845 3598 .ln
865 3536 924 3598 bac
938 3536 1079 3618 primum

134 3663 223 3702 mum
254 3642 412 3704 auditoris
445 3643 557 3705 mitem
587 3654 618 3705 et
646 3645 889 3706 misericordem
916 3643 1078 3708 conficere

131 3758 225 3826 utet,
249 3771 316 3832 quo
335 3750 465 3812 facilius
486 3752 724 3834 conquestione
748 3753 945 3840 commoveri
963 3751 1077 3834 possit.

131 3857 210 3919 iocis
225 3860 454 3920 communibus
470 3860 595 3939 efficere
609 3861 791 3941 oportebit,
813 3882 871 3942 per
889 3881 972 3944 quos
993 3862 1076 3924 Fon·

131 3983 175 4024 us
198 3964 248 4026 vis
267 3965 302 4027 in
325 3989 461 4046 omnes,
492 3977 525 4029 et
547 3966 717 4029 bominum
735 3966 909 4028 infirmitas
929 3968 1075 4031 ostendi-

131 4092 150 4130 ·:
195 4091 261 4158 qua
291 4074 439 4139 oratione
469 4076 579 4141 habits
613 4075 756 4160 graviter
786 4085 820 4141 et
852 4078 1073 4153 sententiose,
