2610 4800
569 415 625 517 er

111 614 301 692 rotundum,
335 615 423 680 coire
445 615 640 700 frequenter
660 614 695 678 in
711 613 842 679 eundem
860 617 1042 683 sententies
1065 629 1100 686 et

111 750 470 772 Μ

183 857 243 913 est,
268 865 355 920 quum
370 847 433 899 dico
451 844 548 898 iecisse
562 845 630 917 quid
650 842 789 900 bominem
810 861 841 900 uc
855 848 960 902 leonem
970 868 980 916 ,·
1013 857 1102 903 ιιιω·

185 942 271 1007 letio,
304 959 393 1014 quum
411 941 473 994 dico
494 941 528 994 de
551 939 678 1006 bomine,
706 942 750 994 leo
770 955 817 996 cst.
845 970 875 983 -
920 944 957 996 Ut
977 944 1102 1000 modicus

184 1046 277 1093 eutem
291 1045 376 1109 etque
391 1045 561 1108 opportunus
577 1039 635 1105 ejus
652 1054 717 1090 usus
735 1038 856 1092 illustrat
872 1039 1037 1094 orationem:
1063 1040 1102 1092 ite

185 1132 316 1204 frequens
331 1142 359 1184 et
373 1131 518 1196 obscurat,
545 1141 574 1185 et
591 1131 684 1185 taedio
704 1133 841 1204 eomplet;
870 1136 1018 1188 continuus
1038 1148 1113 1190 vero'

123 1238 129 1243 '
183 1227 215 1280 in
241 1227 396 1294 allegoriam
426 1236 454 1280 et
475 1227 626 1296 aenigmata
656 1228 721 1280 exit.
767 1228 839 1282 Sunt
862 1229 999 1301 quaedem
1019 1230 1102 1282 etiem

183 1318 303 1374 humiles
320 1321 529 1386 translationes,
559 1332 591 1374 nt
603 1322 647 1388 id,
677 1323 712 1376 de
728 1342 784 1396 quo
799 1322 880 1375 modo
895 1322 952 1375 diri
972 1323 1007 1397 (l.
1023 1324 1103 1387 vlu,

185 1432 211 1471 e·
228 1417 251 1470 3.
270 1415 291 1487 §.
306 1416 379 1485 48.):
399 1416 489 1470 Saxea
507 1430 546 1470 est
563 1435 685 1470 verruca
695 1438 705 1483 ;
725 1429 752 1471 et
769 1418 902 1471 sordidae.
939 1417 1000 1471 Non
1015 1419 1102 1481 enirn,

184 1510 207 1564 si
223 1511 320 1564 Cicero
334 1521 408 1564 recte
421 1514 560 1563 sentinam
578 1513 750 1581 reipublicae
766 1514 853 1578 dixit,
880 1513 1039 1568 foeditatem
1053 1514 1104 1567 bo·

184 1606 290 1659 minum
308 1606 479 1673 significans,
508 1606 611 1660 ideirco
637 1606 748 1678 probem
773 1607 844 1660 illud
868 1627 981 1681 quoqne
1005 1609 1104 1663 veteris

186 1702 315 1755 oratoris:
350 1703 517 1770 persecuisti
549 1688 723 1773 reipublicud
748 1705 884 1758 vomicas.
937 1703 1104 1776 optimeque

179 1794 284 1875 'cicero
298 1795 463 1848 demonstrat
478 1795 532 1867 (De
545 1805 612 1851 oret.
626 1795 644 1848 1.
655 1798 706 1848 111.
723 1813 746 1848 c.
761 1796 804 1865 4¹.
820 1794 923 1869 §163.)
939 1800 1105 1864 cavendum,

144 1938 154 1947 .,
174 1906 224 1975 jue
239 1890 274 1943 sit
289 1889 415 1945 deformis
432 1890 591 1954 translatio,
613 1892 701 1963 qualis
718 1902 776 1957 est,
795 1894 806 1965 (
815 1912 875 1946 nam
891 1895 954 1966 ipsis
970 1897 1028 1963 ejus
1045 1903 1107 1948 utar

188 1985 356 2057 exemplir):
394 1988 552 2039 castratam
569 1999 655 2040 morte
671 1987 802 2061 Africani
823 1988 1019 2058 rempublicam
1027 2011 1039 2059 ,·
1064 1998 1106 2044 et:

188 2082 300 2134 Stercus
324 2085 419 2135 curiae
446 2083 601 2136 Glauciam.
638 2084 679 2137 Nc
703 2085 787 2138 nimio
809 2086 910 2154 maior,
936 2094 1003 2150 aut,
1030 2070 1107 2158 duod

188 2176 297 2248 saepius
320 2178 437 2242 accidit,
465 2179 567 2246 minor3
593 2197 628 2233 ne
649 2179 794 2232 dissimilis.
831 2181 955 2251 Quorum
983 2181 1109 2253 exemplo

189 2271 304 2325 nimium
327 2272 486 2345 frequenter
509 2273 713 2346 deprehendet,
743 2275 792 2348 qui
813 2276 922 2342 scierit,
951 2276 1021 2330 baec
1042 2277 1109 2330 vitis

189 2382 257 2420 esse.
301 2367 357 2419 Sed
380 2375 408 2421 et
430 2367 508 2439 copin
529 2387 643 2442 quoque
669 2369 780 2423 modum
802 2389 905 2440 egressa
929 2372 1026 2425 vitiose
1048 2381 1108 2436 est,

116 2446 120 2453 ¹
190 2448 338 2534 praecipue
352 2462 381 2513 in
396 2462 491 2515 endem
506 2465 605 2534 specie.
642 2464 715 2515 Sunt
728 2473 756 2518 et
771 2464 875 2531 durae,
896 2464 998 2531 idest,
1018 2485 1036 2518 e
1047 2465 1110 2519 lon·

147 2592 151 2599 ·
191 2556 294 2629 pinque
311 2557 492 2621 similitudine
509 2558 628 2630 ductne3
658 2567 704 2611 ut.

309 2653 415 2722 Capitis
435 2656 518 2707 niues.
555 2653 803 2725 (Hor.0d.l.1v.
823 2655 861 2706 13.
881 2671 905 2705 v.
925 2651 983 2723 η.)
1018 2653 1067 2707 Et:

236 2747 345 2817 Jupiter·
362 2748 493 2801 hibernas
513 2767 587 2801 cana
606 2751 670 2804 nive
689 2749 817 2818 conspuit
834 2748 925 2818 Alpes.

184 2832 189 2838 ’
227 2878 233 2885 ·
320 2842 415 2912 (Furii
431 2843 611 2916 Bibaculiup.
627 2847 688 2898 Hor.
706 2863 773 2919 vers.
791 2843 825 2896 cf.
841 2845 897 2898 Sat.
914 2848 949 2900 11.
964 2842 988 2896 5.
1009 2860 1033 2896 v.
1048 2840 1109 2911 dr.)

172 2937 227 2990 .1n
253 2937 302 2989 illo
327 2956 391 2991 vero
418 2938 568 3008 plurimum
593 2940 703 3005 erroris,
738 2938 815 3011 quod
833 2954 884 3002 ea,
913 2955 984 3010 quoe
1000 2937 1107 3010 poetis,

190 3032 257 3105 (qui
276 3042 305 3086 ct
318 3033 409 3084 omniu
428 3032 463 3084 nd
480 3033 650 3104 voluptatem
669 3032 792 3086 referunt
819 3042 848 3086 et
866 3031 983 3106 plurima
1001 3039 1108 3085 venere

185 3129 274 3207 'etiam
299 3127 356 3201 ipse
383 3130 462 3181 metri
488 3131 652 3183 necessitate
679 3129 848 3201 coguntur),
874 3127 1002 3202 permissa
1024 3136 1107 3193 sunt,

193 3225 339 3277 convenire
366 3225 476 3295 qnidam
504 3225 586 3277 etiam
611 3243 706 3296 prosse
731 3233 839 3296 putent.
869 3251 902 3264 -
946 3221 1109 3293 Metspbore

193 3329 242 3370 aut
259 3330 401 3372 vacantem
420 3337 556 3391 occupare
574 3320 668 3372 locum
687 3319 787 3384 debet,
810 3327 873 3383 aut,
898 3318 967 3371 siin
987 3315 1108 3372 alienun

193 3414 287 3479 venit,
313 3414 374 3486 plus
398 3417 490 3470 volere
509 3435 561 3480 eo,
589 3417 666 3488 quod
685 3415 806 3486 expellit.
855 3414 938 3484 Quod
964 3413 1107 3484 aliquanto

192 3512 382 3584 paeneletiam
400 3513 482 3580 magis
501 3513 535 3564 de
554 3509 724 3579 synecdoche
740 3511 836 3565 dicam.
873 3508 1108 3562 Namtrcmlctr'o
1192 3506 1197 3511 ’

160 3592 165 3597 ⁸
192 3608 381 3680 permovendis
400 3609 495 3660 animis
514 3609 676 3679 plerumque
695 3617 724 3660 et
737 3605 874 3676 signandis
890 3603 990 3670 rebus,
1007 3621 1039 3657 ac
1055 3603 1107 3658 sub

162 3693 168 3711 '
192 3703 289 3757 oculos
312 3703 491 3771 subjiciendis
516 3710 622 3774 reperta
647 3712 706 3768 est3
722 3758 724 3762 Α
740 3701 809 3754 baec
835 3684 937 3754 vellere
958 3716 1108 3755 sermonem

192 3807 300 3872 potest,
320 3807 352 3851 ut
370 3817 404 3852 ex
423 3816 479 3850 uno
498 3799 589 3868 plnres
608 3798 807 3864 intelligamus,
828 3804 905 3867 purte
918 3803 1028 3873 rotun,
1047 3811 1108 3865 spe·
1139 3850 1142 3855 ,

194 3895 236 3947 cie
262 3912 363 3962 genus,
398 3893 627 3966 praecedentibus
656 3892 819 3962 sequentia,
851 3891 895 3945 vel
921 3890 1012 3944 omnin
1039 3888 1109 3942 haee
1143 3922 1145 3927 ·

195 3999 303 4042 contra:
333 3989 443 4042 liberior
458 3990 562 4061 poetis,
583 4006 664 4061 quam
682 3986 840 4040 oratoribus.
869 3982 945 4040 vllam
961 4003 1056 4059 prose,
1077 3993 1109 4037 ut

193 4101 351 4138 nrucronem
372 4100 419 4157 pro
443 4085 551 4154 gladio,
577 4094 605 4138 et
626 4097 728 4136 tectum·
743 4096 791 4159 pro
813 4082 893 4136 domo
912 4081 1041 4152 recipict3
1069 4079 1107 4131 its

480 4338 491 4370 t
