2610 4800
592 413 677 493 409

196 615 523 681 Domiuaturautem
541 614 679 697 maxime
704 613 846 699 vultus.
867 614 939 677 lloe
961 612 1140 697 supplices,

131 724 201 789 loo
215 725 380 801 minaeus,
403 721 476 787 .hoe
495 720 631 799 blaudi,
662 720 726 785 hoo
752 722 886 799 tristes,
908 720 981 803 ¹hoe
997 720 1139 798 hilares,

142 830 200 899 be
222 831 348 909 erecti,
369 829 435 893 hoe
450 829 619 913 summissi
636 850 767 891 snmus:
788 829 852 892 hoe
870 829 1016 913 pendent
1034 828 1141 891 homis

131 958 214 1017 Μ’,
231 940 326 1005 lanus
345 940 530 1015 intuentur,
553 937 644 999 huno
663 946 827 1021 spectant,
850 938 950 1000 etiam
962 946 1141 1021 autequam

137 1046 294 1115 ffimuse
326 1046 391 1110 hoe
417 1045 579 1129 quosdam
605 1065 775 1122 amamus,
808 1044 871 1108 hoo
897 1045 1045 1111 odimus:
1076 1045 1140 1109 hoe

138 1152 275 1239 plurima
293 1153 534 1237 intelligimus,
557 1152 612 1214 hic
631 1161 682 1215 est
703 1173 799 1234 saepe
819 1173 879 1234 pro
899 1152 1051 1214 omuibus
1070 1174 1141 1217 ven
1182 1197 1186 1203 ·
1248 1177 1251 1183 ¹

136 1262 195 1333 liu
236 1264 355 1346 ltsque
378 1262 413 1323 in
440 1262 498 1338 iis,
529 1282 618 1344 quse
644 1260 686 1322 ad
711 1280 844 1323 seenam
874 1273 1141 1343 componuntnr,

138 1369 255 1435 atatis
268 1367 412 1432 artifices
429 1367 674 1452 pronunciandi
690 1389 708 1428 a
725 1366 879 1452 personis
893 1389 1026 1450 quoque
1043 1367 1142 1447 affeo·

140 1484 187 1541 tu
211 1485 432 1539 mutuantur?
471 1487 511 1540 ut
534 1477 579 1540 sit
607 1478 733 1558 Ai'rope
761 1476 797 1537 in
820 1475 994 1558 tragoedia
1020 1478 1141 1551 tristis,
1184 1490 1187 1497 '

141 1597 229 1651 ma·
244 1583 363 1649 Medea
372 1629 387 1658 ,
415 1586 566 1647 attonitus
582 1588 690 1667 Ajuz,
721 1584 913 1653 esculentus
928 1587 1084 1647 Hercules
1103 1586 1141 1659 *).

131 1688 373 1771 luoomoediis
396 1712 476 1757 aero
494 1703 624 1775 praeter
643 1692 740 1753 aliam
759 1691 1040 1767 observationem,
1075 1714 1141 1775 qus

131 1800 243 1891 mi,
264 1800 423 1878 lenones,
452 1799 607 1885 parasiti,
639 1798 783 1878 rustici,
815 1799 960 1877 milites,
990 1799 1141 1863 meretri-2

142 1907 252 1988 ulae,
281 1906 440 1985 ancillae,
469 1928 567 1971 senes
586 1908 709 1971 austeri
728 1929 767 1969 ao
784 1908 880 1970 mites
893 1906 1069 1992 ,ajureues
1086 1930 1141 1971 seo

139 2016 211 2095 mi,
223 2036 264 2079 ao
284 2014 469 2095 luxuriosi,
506 2025 693 2092 matronae,
721 2015 876 2100 puellae,
894 2017 992 2079 inter
1012 2036 1045 2078 se
1057 2066 1060 2071 .
1072 2015 1142 2079 dis-

133 2132 341 2202 tuussutur,
373 2132 467 2208 pater
482 2123 562 2202 ille,
593 2118 689 2208 enju's
705 2124 903 2208 praecipuae
922 2135 1032 2207 partes
1048 2133 1140 2202 suut,

131 2232 212 2317 guin
239 2231 375 2297 iuterim
403 2231 612 2309 concitatus,
647 2232 788 2295 interim.
813 2222 998 2309 leuis-est,
1036 2233 1141 2295 alterio

131 2350 267 2419 tracto,
299 2339 404 2403 altero
438 2340 623 2422 composito
657 2351 708 2404 est
738 2341 948 2424 supersilinz·
967 2351 1080 2439 ·atgue
1107 2339 1142 2401 id

131 2447 307 2515 monuero
335 2447 474 2511 maxime
502 2448 590 2511 latus
617 2449 789 2513 actoribus·
809 2449 913 2513 moris
930 2456 1014 2526 .··est,
1052 2446 1142 2531 quod
1170 2508 1174 2515 ,

131 2578 209 2643 eum
224 2556 289 2634 iis,
313 2576 394 2639 quas
412 2568 533 2639 agunt,
554 2556 702 2639 partibus
723 2566 897 2639 congruat:
934 2556 999 2619 Sed
1017 2557 1051 2617 in
1069 2557 1141 2639 ipso

131 2667 228 2730 uultu
253 2650 566 2748 plurimum-valent
585 2663 692 2739 oculi,
725 2687 785 2747 per
804 2684 891 2747 quos
914 2664 1054 2725 maxime
1073 2663 1141 2725 anis

131 2794 204 2847 mus
217 2771 364 2849 eminet,
386 2784 424 2835 ut
438 2773 522 2834 citra
537 2780 663 2833 motum
681 2792 816 2855 quoque
834 2780 867 2833 et
882 2768 1049 2833 hilaritate
1068 2771 1139 2833 eois

131 2887 282 2960 tuscum,
304 2890 337 2941 et
351 2879 507 2973 tristitiae
525 2878 688 2961 quoddam
705 2878 856 2941 nubilum
872 2878 1005 2942 ducant.
1050 2878 1139 2961 Quin

133 2988 234 3057 otiam
253 2987 405 3051 laorimas
427 2986 479 3049 his
503 2999 619 3050 natura
635 2988 754 3049 montis
771 2978 1023 3051 indicesdedits
1055 3009 1140 3070 quoe
1202 3066 1205 3071 ‚

135 3104 191 3163 sut
207 3086 387 3177 erumpunt
401 3093 533 3172 dolore,
556 3107 614 3159 aut
626 3095 749 3158 laetitia
766 3104 908 3157 manant
951 3098 1045 3156 Motu
1062 3100 1139 3155 vero

136 3202 277 3282 intenti,
299 3202 450 3281 remissi,
474 3204 626 3288 superbi,
648 3204 755 3280 torvi,
771 3203 893 3280 mites',
914 3203 1021 3287 asperi
1041 3202 1139 3264 liu'nts

140 3332 242 3392 quae,
273 3319 311 3371 ut
335 3320 428 3372 actus
456 3314 662 3395 poposcerit,
697 3314 872 3396 fingentur.
924 3310 1030 3394 Rigidi
1061 3331 1139 3373 vero

143 3426 172 3477 et
182 3417 322 3494 extenti,
344 3427 402 3478 aut
420 3417 567 3500 languidi
587 3431 621 3481 et
637 3429 818 3503 torpentes,
842 3412 913 3500 [aut
930 3396 1138 3501 stupentesJ,

146 3537 193 3588 aut
211 3527 329 3588 lascivi
354 3537 387 3588 et
409 3527 568 3613 mobiles,
599 3537 656 3588 ant
683 3538 833 3590 natantes
858 3538 891 3590 et
915 3527 1054 3610 quadam
1080 3547 1140 3587 vo·

147 3627 262 3715 luptate
281 3635 419 3715 suffusi,
454 3647 510 3697 aut
528 3635 598 3697 limi
618 3645 671 3713 et,
700 3645 738 3697 ut
759 3636 953 3713 sicdicam,
987 3639 1139 3719 venerei,

147 3751 194 3802 aut
215 3754 390 3825 poscentes
415 3744 541 3828 aliquid
563 3744 800 3834 pollicentesve
825 3728 994 3839 nunquam
1012 3747 1040 3822 *)
1068 3766 1140 3807 esse

152 3887 490 3917 h·s·--——-—----·---

182 3989 204 4059 Ὺ)
228 3992 271 4049 (ll.
290 3993 325 4045 ad
348 3956 423 4046 lanne
441 3995 552 4058 locum,
580 4013 652 4068 quae
669 3996 699 4047 in
716 3995 762 4052 ed.
775 3993 866 4064 Spald.
885 3992 1041 4048 doctissime
1055 3994 1140 4046 adno-

225 4097 320 4143 tantur
334 4091 394 4141 vol.
411 4093 455 4146 IV.
474 4109 498 4159 p.
518 4093 576 4157 387.

173 4180 209 4252 ”l
233 4184 299 4235 Alii:
319 4203 535 4256 tzorsnumqnom.
